=LDR  01988cam a22004933  4500
=001  016285758
=003  Uk
=005  20220615170821.0
=007  cr\mn\024mpadp
=007  cr\mn\024mpada
=008  871103|1934|||||||\\\\|s\\\\\|||\||eng\\
=FMT  \\$a  BK
=040  \\$aUk$cUk
=100  1\$aBallantyne, R. M.$q(Robert Michael),$d1825-1894.
=245  10$a[The coral island ... New edition.]$h[electronic resource]
=300  \\$a282 p.
=336  \\$atext$2rdacontent
=337  \\$acomputer$2rdamedia
=338  \\$aonline resource$2rdacarrier
=580  \\$aIn : Defoe (Daniel) Robinson Crusoe, etc. [1934.] 8º.
=787  0\$tThe coral island ... New edition.$w(Uk)MP1.0000205138$dLondon, etc.: T. Nelson & Sons, 1894. pp. 336: plates. 20 cm.
=859  \\$aXLD$bMS Digitised
=883  0\$aLanguage codes assigned by Bayesian analysis of words present in record$d20201028$qUk$c0.9010
=985  \\$aCorrected by MS generated file for WR# 11/211
=985  \\$aUpgraded by BSS-generated file for WR2011-1472
=985  \\$aCorrected by MS generated file for WR# 2206-0922 (250 field removed)
=CAT  \\$aBATCH-MSDN$b00$c20130227$lBLL01$h1541
=CAT  \\$aMSD-SUPP$c20130227$lBLL01$h1832
=CAT  \\$aBATCH-UPD$b00$c20130318$lBLL01$h1050
=CAT  \\$aWR13.117$c20130720$lBLL01$h1920
=CAT  \\$aWR14.046$c20140417$lBLL01$h1724
=CAT  \\$aWR13.144/5$c20140418$lBLL01$h1042
=CAT  \\$aWR11_211$c20141230$lBLL01$h1741
=CAT  \\$aBLSS-CORR$b00$c20141230$lBLL01$h1744
=CAT  \\$aBATCH-UPD$b00$c20151012$lBLL01$h0740
=CAT  \\$aW2011-1472$b00$c20201127$lBLL01$h1833
=CAT  \\$a7764$b40$c20210204$lBLL01$h1152
=CAT  \\$aW2206-0922$c20220615$lBLL01$h1708
=FIN  \\$aY$d20130227
=LKR  \\$aPAR$lBLL01$r776$b000183898$m[The coral island ... New edition.]$n[The coral island ... New edition.]
=DGM  \\$a000183898$bCatBridge variable field
=DRT  \\$aMSD
=SRC  \\$aMSD$bmsdig_000172
=LAS  \\$aW2206-0922$b00$c20220615$lBLL01$h1708

