=LDR  01584 aa a22004333  4500
=001  016285766
=003  Uk
=005  20210210113542.0
=007  cr\mn\024mpadp
=007  cr\mn\024mpada
=008  880111||||||||||||\\\\|s\\\\\|||\||eng\\
=FMT  \\$a  BK
=040  \\$aUk$cUk
=100  1\$aBradley, Mary Hastings.
=245  10$aOld Chicago, etc. (Novelettes.).$pDebt of Honor.$h[electronic resource]
=336  \\$atext$2rdacontent
=337  \\$acomputer$2rdamedia
=338  \\$aonline resource$2rdacarrier
=580  \\$aPart of: Old Chicago, etc. (Novelettes.)
=787  0\$w(Uk)MP1.0000475219
=859  \\$aXLD$bMS Digitised
=883  0\$aLanguage codes assigned by Bayesian analysis of words present in record$d20201028$qUk$c0.9010
=985  \\$aUpgraded by BSS-generated file for WR2011-1472
=CAT  \\$aBATCH-MSDN$b00$c20130227$lBLL01$h1541
=CAT  \\$aMSD-SUPP$c20130227$lBLL01$h1832
=CAT  \\$aBATCH-UPD$b00$c20130318$lBLL01$h1050
=CAT  \\$aWR13.117$c20130720$lBLL01$h1920
=CAT  \\$aWR14.046$c20140417$lBLL01$h1724
=CAT  \\$aWR13.144/5$c20140418$lBLL01$h1042
=CAT  \\$aBATCH-UPD$b00$c20151012$lBLL01$h0740
=CAT  \\$aBATCH-UPD$b00$c20200419$lBLL01$h2057
=CAT  \\$aW2011-1472$b00$c20201127$lBLL01$h1833
=CAT  \\$a6490$b40$c20210210$lBLL01$h1135
=FIN  \\$aY$d20130227
=LKR  \\$aPAR$lBLL01$r776$b000448578$mOld Chicago, etc. (Novelettes.).$nOld Chicago, etc. (Novelettes.).
=DGM  \\$a000448578$bCatBridge variable field
=DRT  \\$aMSD
=SRC  \\$aMSD$bmsdig_000172
=LAS  \\$a6490$b40$c20210210$lBLL01$h1135

