=LDR  01296 am a22003853  4500
=001  016285767
=003  Uk
=005  20210204145122.0
=007  cr\mn\024mpadp
=007  cr\mn\024mpada
=008  880121|1916|||||||\\\\|s\\\\\|||\||eng\\
=FMT  \\$a  BK
=040  \\$aUk$cUk
=100  1\$aBROWNING, Robert,$cthe Poet.
=240  10$aSmaller Collections
=245  10$a[Selected poems.]$h[electronic resource]
=336  \\$atext$2rdacontent
=337  \\$acomputer$2rdamedia
=338  \\$aonline resource$2rdacarrier
=580  \\$aIn : Stevenson (Orlando J.) Select Poems of Tennyson, Browning and Arnold, etc. 1916. 8º.
=859  \\$aXLD$bMS Digitised
=CAT  \\$aBATCH-MSDN$b00$c20130227$lBLL01$h1541
=CAT  \\$aMSD-SUPP$c20130227$lBLL01$h1832
=CAT  \\$aBATCH-UPD$b00$c20130318$lBLL01$h1050
=CAT  \\$aWR13.117$c20130720$lBLL01$h1920
=CAT  \\$aWR14.046$c20140417$lBLL01$h1724
=CAT  \\$aWR13.144/5$c20140418$lBLL01$h1042
=CAT  \\$aW1807-0595$c20180717$lBLL01$h1729
=CAT  \\$a7764$b40$c20210204$lBLL01$h1451
=FIN  \\$aY$d20130227
=LKR  \\$aPAR$lBLL01$r776$b000499276$m[Selected poems.]$n[Selected poems.]
=DGM  \\$a000499276$bCatBridge variable field
=DRT  \\$aMSD
=SRC  \\$aMSD$bmsdig_000172
=LAS  \\$a7764$b40$c20210204$lBLL01$h1451

