=LDR  01923 am a22004093  4500
=001  016285768
=003  Uk
=005  20210204154124.0
=007  cr\mn\024mpadp
=007  cr\mn\024mpada
=008  880208|1912|||||||\\\\|s\\\\\|||\||eng\\
=FMT  \\$a  BK
=040  \\$aUk$cUk
=100  1\$aCaius, John,$d1510-1573.
=245  10$aAnnalium Collegii medicorum Londini liber, etc. (The first book of the Annals of the Royal College of Physicians, London, compiled by J. Caius, comprising the years 1518-1572. Printed for the first time, 1911.).$h[electronic resource]
=300  \\$a71 p.
=336  \\$atext$2rdacontent
=337  \\$acomputer$2rdamedia
=338  \\$aonline resource$2rdacarrier
=580  \\$aIn : supra: The Works of John Caius, etc. 1912. 8º.
=859  \\$aXLD$bMS Digitised
=CAT  \\$aBATCH-MSDN$b00$c20130227$lBLL01$h1541
=CAT  \\$aMSD-SUPP$c20130227$lBLL01$h1832
=CAT  \\$aBATCH-UPD$b00$c20130318$lBLL01$h1050
=CAT  \\$aWR13.117$c20130720$lBLL01$h1920
=CAT  \\$aWR14.046$c20140417$lBLL01$h1724
=CAT  \\$aWR13.144/5$c20140418$lBLL01$h1042
=CAT  \\$aW1807-0595$c20180717$lBLL01$h1729
=CAT  \\$a6491$b40$c20181128$lBLL01$h1056
=CAT  \\$aBATCH-UPD$b40$c20181128$lBLL01$h1056
=CAT  \\$a7764$b40$c20210204$lBLL01$h1541
=FIN  \\$aY$d20130227
=LKR  \\$aPAR$lBLL01$r776$b000568429$mAnnalium Collegii medicorum Londini liber, etc. (The first book of the Annals of the Royal College of Physicians, London, compiled by J. Caius, comprising the years 1518-1572. Printed for the first time, 1911.).$nAnnalium Collegii medicorum Londini liber, etc. (The first book of the Annals of the Royal College of Physicians, London, compiled by J. Caius, comprising the years 1518-1572. Printed for the first time, 1911.).
=DGM  \\$a000568429$bCatBridge variable field
=DRT  \\$aMSD
=SRC  \\$aMSD$bmsdig_000172
=LAS  \\$a7764$b40$c20210204$lBLL01$h1541

