=LDR  01589 am a22004213  4500
=001  016285769
=003  Uk
=005  20210204144310.0
=007  cr\mn\024mpadp
=007  cr\mn\024mpada
=008  880308|1920|||||||\\\\|s\\\\\|||\||eng\\
=FMT  \\$a  BK
=040  \\$aUk$cUk
=100  1\$aColeridge, Samuel Taylor,$d1772-1834.
=240  10$aSmaller Collections. I. Prose and Verse
=245  10$a[Selected prose and verse.]$h[electronic resource]
=336  \\$atext$2rdacontent
=337  \\$acomputer$2rdamedia
=338  \\$aonline resource$2rdacarrier
=580  \\$aIn : Winbolt (Samuel E.) The Poetry and Prose of Coleridge, Lamb & Leigh Hunt, etc. 1920. 8º.
=859  \\$aXLD$bMS Digitised
=883  0\$aLanguage codes assigned by Bayesian analysis of words present in record$d20201028$qUk$c0.9010
=985  \\$aUpgraded by BSS-generated file for WR2011-1472
=CAT  \\$aBATCH-MSDN$b00$c20130227$lBLL01$h1541
=CAT  \\$aMSD-SUPP$c20130227$lBLL01$h1832
=CAT  \\$aBATCH-UPD$b00$c20130318$lBLL01$h1050
=CAT  \\$aWR13.117$c20130720$lBLL01$h1920
=CAT  \\$aWR14.046$c20140417$lBLL01$h1724
=CAT  \\$aWR13.144/5$c20140418$lBLL01$h1042
=CAT  \\$aBATCH-UPD$b00$c20150622$lBLL01$h2111
=CAT  \\$aW2011-1472$b00$c20201127$lBLL01$h1833
=CAT  \\$a7764$b40$c20210204$lBLL01$h1443
=FIN  \\$aY$d20130227
=LKR  \\$aPAR$lBLL01$r776$b000742189$m[Selected prose and verse.]$n[Selected prose and verse.]
=DGM  \\$a000742189$bCatBridge variable field
=DRT  \\$aMSD
=SRC  \\$aMSD$bmsdig_000172
=LAS  \\$a7764$b40$c20210204$lBLL01$h1443

