=LDR  01552 aa a22004213  4500
=001  016285771
=003  Uk
=005  20210210143710.0
=007  cr\mn\024mpadp
=007  cr\mn\024mpada
=008  880330||||||||||||\\\\|s\\\\\|||\||eng\\
=FMT  \\$a  BK
=040  \\$aUk$cUk
=100  1\$aConrad, Joseph,$d1857-1924.
=245  14$aThe Works of Joseph Conrad.$p14. The Shadow-Line.-Within the Tides. 2 pt. 1921.$h[electronic resource]
=336  \\$atext$2rdacontent
=337  \\$acomputer$2rdamedia
=338  \\$aonline resource$2rdacarrier
=580  \\$aPart of: The Works of Joseph Conrad.
=787  0\$w(Uk)MP1.0000811955
=859  \\$aXLD$bMS Digitised
=883  0\$aLanguage codes assigned by Bayesian analysis of words present in record$d20201028$qUk$c0.9010
=985  \\$aUpgraded by BSS-generated file for WR2011-1472
=CAT  \\$aBATCH-MSDN$b00$c20130227$lBLL01$h1541
=CAT  \\$aMSD-SUPP$c20130227$lBLL01$h1832
=CAT  \\$aBATCH-UPD$b00$c20130318$lBLL01$h1050
=CAT  \\$aWR13.117$c20130720$lBLL01$h1920
=CAT  \\$aWR14.046$c20140417$lBLL01$h1724
=CAT  \\$aWR13.144/5$c20140418$lBLL01$h1042
=CAT  \\$aBATCH-UPD$b00$c20151012$lBLL01$h0740
=CAT  \\$aW2011-1472$b00$c20201127$lBLL01$h1833
=CAT  \\$a6490$b40$c20210210$lBLL01$h1437
=FIN  \\$aY$d20130227
=LKR  \\$aPAR$lBLL01$r776$b000766120$mThe Works of Joseph Conrad.$nThe Works of Joseph Conrad.
=DGM  \\$a000766120$bCatBridge variable field
=DRT  \\$aMSD
=SRC  \\$aMSD$bmsdig_000172
=LAS  \\$a6490$b40$c20210210$lBLL01$h1437

