=LDR  01326 aa a22003853  4500
=001  016285783
=003  Uk
=005  20210210144630.0
=007  cr\mn\024mpadp
=007  cr\mn\024mpada
=008  880314||||||||||||\\\\|s\\\\\|||\||eng\\
=FMT  \\$a  BK
=040  \\$aUk$cUk
=100  1\$aCOPE, C. Elvey.
=245  14$aThe Poetical Works of C. Elvey Cope.$ppt. 2. The Golden Art. pp. 30.$h[electronic resource]
=336  \\$atext$2rdacontent
=337  \\$acomputer$2rdamedia
=338  \\$aonline resource$2rdacarrier
=580  \\$aPart of: The Poetical Works of C. Elvey Cope.
=787  0\$w(Uk)MP1.0000825442
=859  \\$aXLD$bMS Digitised
=CAT  \\$aBATCH-MSDN$b00$c20130227$lBLL01$h1541
=CAT  \\$aMSD-SUPP$c20130227$lBLL01$h1832
=CAT  \\$aBATCH-UPD$b00$c20130318$lBLL01$h1050
=CAT  \\$aWR13.117$c20130720$lBLL01$h1920
=CAT  \\$aWR14.046$c20140417$lBLL01$h1724
=CAT  \\$aWR13.144/5$c20140418$lBLL01$h1042
=CAT  \\$aW1807-0595$c20180717$lBLL01$h1729
=CAT  \\$a6490$b40$c20210210$lBLL01$h1446
=FIN  \\$aY$d20130227
=LKR  \\$aPAR$lBLL01$r776$b000779345$mThe Poetical Works of C. Elvey Cope.$nThe Poetical Works of C. Elvey Cope.
=DGM  \\$a000779345$bCatBridge variable field
=DRT  \\$aMSD
=SRC  \\$aMSD$bmsdig_000172
=LAS  \\$a6490$b40$c20210210$lBLL01$h1446

