=LDR  02589 am a22004213  4500
=001  016285784
=003  Uk
=005  20210204143100.0
=007  cr\mn\024mpadp
=007  cr\mn\024mpada
=008  000414|1925|||||||\\\\|s\\\\||||\||eng\\
=FMT  \\$a  BK
=040  \\$aUk$cUk
=245  10$a[The Pageant of the Company of Sheremen and Taylors, in Coventry, as performed by them on the festival of Corpus Christi; together with other pageants, exhibited on occasion of several royal visits to that city; and two specimens of ancient local poetry. [Edited by Thomas Sharp.]]$h[electronic resource]
=250  \\$a[Another edition.] The Nativity.
=336  \\$atext$2rdacontent
=337  \\$acomputer$2rdamedia
=338  \\$aonline resource$2rdacarrier
=580  \\$aIn: Everyman. Everyman, & other plays, etc. 1925. 8º.
=720  \\$aCOVENTRY PLAYS
=787  0\$tThe Pageant of the Company of Sheremen and Taylors, in Coventry, as performed by them on the festival of Corpus Christi; together with other pageants, exhibited on occasion of several royal visits to that city; and two specimens of ancient local poetry. [Edited by Thomas Sharp.]$w(Uk)MP1.0000851399$dpp. 28. 14. W. Reader: Coventry, 1817. 4º.
=859  \\$aXLD$bMS Digitised
=883  0\$aLanguage codes assigned by Bayesian analysis of words present in record$d20201028$qUk$c0.9010
=985  \\$aUpgraded by BSS-generated file for WR2011-1472
=CAT  \\$aBATCH-MSDN$b00$c20130227$lBLL01$h1541
=CAT  \\$aMSD-SUPP$c20130227$lBLL01$h1832
=CAT  \\$aBATCH-UPD$b00$c20130318$lBLL01$h1050
=CAT  \\$aWR13.117$c20130720$lBLL01$h1920
=CAT  \\$aWR14.046$c20140417$lBLL01$h1724
=CAT  \\$aWR13.144/5$c20140418$lBLL01$h1042
=CAT  \\$aW2011-1472$b00$c20201127$lBLL01$h1833
=CAT  \\$a7764$b40$c20210204$lBLL01$h1431
=FIN  \\$aY$d20130227
=LKR  \\$aPAR$lBLL01$r776$b000803918$m[The Pageant of the Company of Sheremen and Taylors, in Coventry, as performed by them on the festival of Corpus Christi; together with other pageants, exhibited on occasion of several royal visits to that city; and two specimens of ancient local poetry. [Edited by Thomas Sharp.]]$n[The Pageant of the Company of Sheremen and Taylors, in Coventry, as performed by them on the festival of Corpus Christi; together with other pageants, exhibited on occasion of several royal visits to that city; and two specimens of ancient local poetry. [Edited by Thomas Sharp.]]
=DGM  \\$a000803918$bCatBridge variable field
=DRT  \\$aMSD
=SRC  \\$aMSD$bmsdig_000172
=LAS  \\$a7764$b40$c20210204$lBLL01$h1431

