=LDR  01654cam a22004333  4500
=001  016285785
=003  Uk
=005  20220615170821.0
=007  cr\mn\024mpadp
=007  cr\mn\024mpada
=008  880405|1935|||||||\\\\|s\\\\\|||\||eng\\
=FMT  \\$a  BK
=040  \\$aUk$cUk
=100  1\$aCoward, Noël,$d1899-1973.
=245  10$a[Conversation Piece. A romantic comedy.]$h[electronic resource]
=336  \\$atext$2rdacontent
=337  \\$acomputer$2rdamedia
=338  \\$aonline resource$2rdacarrier
=580  \\$aIn : Plays. Seven Plays, etc. 1935. 8º.
=787  0\$tConversation Piece. A romantic comedy.$w(Uk)MP1.0000852002$dpp. viii. 105. William Heinemann: London, 1934. 8º.
=859  \\$aXLD$bMS Digitised
=985  \\$aCorrected by MS generated file for WR# 2206-0922 (250 field removed)
=CAT  \\$aBATCH-MSDN$b00$c20130227$lBLL01$h1541
=CAT  \\$aMSD-SUPP$c20130227$lBLL01$h1832
=CAT  \\$aBATCH-UPD$b00$c20130318$lBLL01$h1050
=CAT  \\$aWR13.117$c20130720$lBLL01$h1920
=CAT  \\$aWR14.046$c20140417$lBLL01$h1724
=CAT  \\$aWR13.144/5$c20140418$lBLL01$h1042
=CAT  \\$aBATCH-UPD$b00$c20151012$lBLL01$h0740
=CAT  \\$aW1807-0595$c20180717$lBLL01$h1729
=CAT  \\$a7764$b40$c20210204$lBLL01$h1151
=CAT  \\$aBATCH-UPD$b40$c20211202$lBLL01$h2038
=CAT  \\$aW2206-0922$c20220615$lBLL01$h1708
=FIN  \\$aY$d20130227
=LKR  \\$aPAR$lBLL01$r776$b000804550$m[Conversation Piece. A romantic comedy.]$n[Conversation Piece. A romantic comedy.]
=DGM  \\$a000804550$bCatBridge variable field
=DRT  \\$aMSD
=SRC  \\$aMSD$bmsdig_000172
=LAS  \\$aW2206-0922$b00$c20220615$lBLL01$h1708

