=LDR  02003cam a22004453  4500
=001  016285788
=003  Uk
=005  20220615170821.0
=007  cr\mn\024mpadp
=007  cr\mn\024mpada
=008  880725|1934|||||||\\\\|s\\\\\|||\||eng\\
=FMT  \\$a  BK
=040  \\$aUk$cUk
=100  1\$aDekker, Thomas,$dapproximately 1572-1632.
=240  10$aSingle Works. The Honest Whore
=245  10$a[The Honest Whore, with, the humours of the patient man, and the longing wife. [A comedy.]]$h[electronic resource]
=336  \\$atext$2rdacontent
=337  \\$acomputer$2rdamedia
=338  \\$aonline resource$2rdacarrier
=580  \\$aIn: Spencer (Hazelton) Elizabethan Plays, written by Shakespeare's friends, colleagues, rivals, etc. pp. 667-711. 1934. 8º.
=787  0\$tThe Honest Whore, with, the humours of the patient man, and the longing wife. [A comedy.]$w(Uk)MP1.0000942309$dV.S. [Valentine Simmes] for Iohn Hodgets: London, 1604. 4º.
=859  \\$aXLD$bMS Digitised
=985  \\$aRecord amended for WR# 13/070
=985  \\$aCorrected by MS generated file for WR# 2206-0922 (250 field removed)
=CAT  \\$aBATCH-MSDN$b00$c20130227$lBLL01$h1541
=CAT  \\$aMSD-SUPP$c20130227$lBLL01$h1832
=CAT  \\$aBATCH-UPD$b00$c20130318$lBLL01$h1050
=CAT  \\$aWR13_070$b00$c20130504$lBLL01$h0341
=CAT  \\$aWR13.117$c20130720$lBLL01$h1920
=CAT  \\$aWR14.046$c20140417$lBLL01$h1724
=CAT  \\$aWR13.144/5$c20140418$lBLL01$h1042
=CAT  \\$aW1807-0595$c20180717$lBLL01$h1729
=CAT  \\$a7764$b40$c20210204$lBLL01$h1154
=CAT  \\$aW2206-0922$c20220615$lBLL01$h1708
=FIN  \\$aY$d20130227
=LKR  \\$aPAR$lBLL01$r776$b000895977$m[The Honest Whore, with, the humours of the patient man, and the longing wife. [A comedy.]]$n[The Honest Whore, with, the humours of the patient man, and the longing wife. [A comedy.]]
=DGM  \\$a000895977$bCatBridge variable field
=DRT  \\$aMSD
=SRC  \\$aMSD$bmsdig_000172
=LAS  \\$aW2206-0922$b00$c20220615$lBLL01$h1708

