=LDR  02241caa a22005173  4500
=001  016285790
=003  Uk
=005  20230613150319.0
=007  cr\mn\024mpadp
=007  cr\mn\024mpada
=008  880516||||||||||||\\\\|s\\\\\|||\||eng\\
=FMT  \\$a  BK
=040  \\$aUk$cUk
=100  1\$aDickens, Charles,$d1812-1870.
=245  14$aThe Works of Dickens. (The Authentic edition.) [With plates after the original illustrations.].$p11. Bleak House. pp. xvi. 737. [c. 1905.]$h[electronic resource]
=336  \\$atext$2rdacontent
=337  \\$acomputer$2rdamedia
=338  \\$aonline resource$2rdacarrier
=580  \\$aPart of: The Works of Dickens. (The Authentic edition.) [With plates after the original illustrations.]
=655  \7$aNovels.$2fast$0(OCoLC)fst01921742
=655  \7$aGothic fiction.$2fast$0(OCoLC)fst01921675
=787  0\$w(Uk)MP1.0000980080
=859  \\$aXLD$bMS Digitised
=883  0\$aLanguage codes assigned by Bayesian analysis of words present in record$d20201028$qUk$c0.9010
=985  \\$aEnhanced during collaborative project with UCL (course BASC0033). 2022-23.
=985  \\$aUpgraded by BSS-generated file for WR2011-1472
=CAT  \\$aBATCH-MSDN$b00$c20130227$lBLL01$h1541
=CAT  \\$aBATCH-MSDE$b00$c20130227$lBLL01$h1648
=CAT  \\$aBATCH-MSDE$b00$c20130227$lBLL01$h1701
=CAT  \\$aMSD-SUPP$c20130227$lBLL01$h1832
=CAT  \\$aBATCH-UPD$b00$c20130318$lBLL01$h1050
=CAT  \\$aWR13.117$c20130720$lBLL01$h1920
=CAT  \\$aWR14.046$c20140417$lBLL01$h1724
=CAT  \\$aWR13.144/5$c20140418$lBLL01$h1042
=CAT  \\$aBATCH-UPD$b00$c20150426$lBLL01$h2313
=CAT  \\$aW2011-1472$b00$c20201127$lBLL01$h1833
=CAT  \\$a6490$b40$c20210211$lBLL01$h1145
=CAT  \\$a14185$b40$c20230613$lBLL01$h1503
=FIN  \\$aY$d20130227
=LKR  \\$aPAR$lBLL01$r776$b000930808$mThe Works of Dickens. (The Authentic edition.) [With plates after the original illustrations.].$nThe Works of Dickens. (The Authentic edition.) [With plates after the original illustrations.].
=DGM  \\$a000930808$bCatBridge variable field
=DRT  \\$aMSD
=SRC  \\$aMSD$bmsdig_000174
=SRC  \\$aMSD$bmsdig_000172
=SRC  \\$aMSD$bmsdig_000173
=LAS  \\$a14185$b40$c20230613$lBLL01$h1503

