=LDR  02128 aa a22004933  4500
=001  016285796
=003  Uk
=005  20210209160232.0
=007  cr\mn\024mpadp
=007  cr\mn\024mpada
=008  880718s1902\\\\nyua\\\\s\\\\\|||\||eng\\
=FMT  \\$a  BK
=040  \\$aUk$cUk$dUk
=100  1\$aFielding, Henry,$d1707-1754.
=240  10$aHistory of the adventures of Joseph Andrews
=245  14$aThe history of the adventures of Joseph Andrews and his friend Mr. Abraham Adams /$cillustrated with reproductions of the original designs by Rooker, Corbould (1793), and Rowlandson (1798).
=250  \\$aDrury Lane edition.
=260  \\$aNew York :$bPrinted for subscribers only by Croscup & Sterling Company,$c©1902.
=300  \\$a394 pages :$billustrations ;$c23 cm.
=336  \\$atext$2rdacontent
=337  \\$acomputer$2rdamedia
=338  \\$aonline resource$2rdacarrier
=490  0\$aThe complete works of Henry Fielding, esq. ;$vv. 1
=500  \\$a"Drury Lane edition. This edition, on Holland hand-made paper, is limited to three hundred and eighty-five numbered and registered copies."
=859  \\$aXLD$bMS Digitised
=CAT  \\$aBATCH-MSDN$b00$c20130227$lBLL01$h1541
=CAT  \\$aBATCH-MSDE$b00$c20130227$lBLL01$h1648
=CAT  \\$aBATCH-MSDE$b00$c20130227$lBLL01$h1701
=CAT  \\$aMSD-SUPP$c20130227$lBLL01$h1832
=CAT  \\$aBATCH-UPD$b00$c20130318$lBLL01$h1050
=CAT  \\$aWR13.117$c20130720$lBLL01$h1920
=CAT  \\$aWR14.046$c20140417$lBLL01$h1724
=CAT  \\$aWR13.144/5$c20140418$lBLL01$h1042
=CAT  \\$aBATCH-UPD$b00$c20150807$lBLL01$h2113
=CAT  \\$a8874$b40$c20180522$lBLL01$h1114
=CAT  \\$a7764$b40$c20210209$lBLL01$h1602
=FIN  \\$aY$d20130227
=LKR  \\$aPAR$lBLL01$r776$b001230554$mThe history of the adventures of Joseph Andrews and his friend Mr. Abraham Adams$nThe history of the adventures of Joseph Andrews and his friend Mr. Abraham Adams
=DGM  \\$a001230554$bCatBridge variable field
=DRT  \\$aMSD
=SRC  \\$aMSD$bmsdig_000174
=SRC  \\$aMSD$bmsdig_000172
=SRC  \\$aMSD$bmsdig_000173
=LAS  \\$a7764$b40$c20210209$lBLL01$h1602

