=LDR  02675 aa a22004933  4500
=001  016285799
=003  Uk
=005  20210211133538.0
=007  cr\mn\024mpadp
=007  cr\mn\024mpada
=008  880718||||||||||||\\\\|s\\\\\|||\||eng\\
=FMT  \\$a  BK
=040  \\$aUk$cUk
=100  1\$aFielding, Henry,$d1707-1754.
=245  14$aThe works of Henry Fielding ... Complete and unabridged. Illustrated. (With an essay on the life, genius and achievement of the author by William Ernest Henley.-Drury Lane edition.).$p14-16. Miscellaneous writings ... Illustrated with reproductions of rare contemporary drawings and portraits. 3 vol.$h[electronic resource]
=336  \\$atext$2rdacontent
=337  \\$acomputer$2rdamedia
=338  \\$aonline resource$2rdacarrier
=580  \\$aPart of: The works of Henry Fielding ... Complete and unabridged. Illustrated. (With an essay on the life, genius and achievement of the author by William Ernest Henley.-Drury Lane edition.)
=700  1\$aHenley, William Ernest,$d1849-1903.$tWorks edited, translated or with contributions by this Author.
=787  0\$w(Uk)MP1.0001295046
=886  2\$2blmarc$a709$b00$aHENLEY$hWilliam Ernest$tWorks edited, translated or with contributions by this Author$p012273.dd.1.$x1450950043
=859  \\$aXLD$bMS Digitised
=883  0\$aLanguage codes assigned by Bayesian analysis of words present in record$d20201028$qUk$c0.9010
=985  \\$aUpgraded by BSS-generated file for WR2011-1472
=CAT  \\$aBATCH-MSDN$b00$c20130227$lBLL01$h1541
=CAT  \\$aBATCH-MSDE$b00$c20130227$lBLL01$h1648
=CAT  \\$aBATCH-MSDE$b00$c20130227$lBLL01$h1701
=CAT  \\$aMSD-SUPP$c20130227$lBLL01$h1832
=CAT  \\$aBATCH-UPD$b00$c20130318$lBLL01$h1050
=CAT  \\$aWR13.117$c20130720$lBLL01$h1920
=CAT  \\$aWR14.046$c20140417$lBLL01$h1724
=CAT  \\$aWR13.144/5$c20140418$lBLL01$h1042
=CAT  \\$aBATCH-UPD$b00$c20150807$lBLL01$h2113
=CAT  \\$aW2011-1472$b00$c20201127$lBLL01$h1833
=CAT  \\$a6490$b40$c20210211$lBLL01$h1335
=FIN  \\$aY$d20130227
=LKR  \\$aPAR$lBLL01$r776$b001230560$mThe works of Henry Fielding ... Complete and unabridged. Illustrated. (With an essay on the life, genius and achievement of the author by William Ernest Henley.-Drury Lane edition.).$nThe works of Henry Fielding ... Complete and unabridged. Illustrated. (With an essay on the life, genius and achievement of the author by William Ernest Henley.-Drury Lane edition.).
=DGM  \\$a001230560$bCatBridge variable field
=DRT  \\$aMSD
=SRC  \\$aMSD$bmsdig_000174
=SRC  \\$aMSD$bmsdig_000172
=SRC  \\$aMSD$bmsdig_000173
=LAS  \\$a6490$b40$c20210211$lBLL01$h1335

