=LDR  01924 aa a22004453  4500
=001  016285803
=003  Uk
=005  20210211135619.0
=007  cr\mn\024mpadp
=007  cr\mn\024mpada
=008  881122||||||||||||\\\\|s\\\\\|||\||eng\\
=FMT  \\$a  BK
=040  \\$aUk$cUk
=100  1\$aGaskell, Elizabeth Cleghorn,$d1810-1865.
=245  14$aThe works of Mrs. Gaskell. With introductions by A. W. Ward. (The Knutsford edition.).$p4. North and South, etc. pp. xxix, 520.$h[electronic resource]
=336  \\$atext$2rdacontent
=337  \\$acomputer$2rdamedia
=338  \\$aonline resource$2rdacarrier
=580  \\$aPart of: The works of Mrs. Gaskell. With introductions by A. W. Ward. (The Knutsford edition.)
=700  1\$aWARD, Adolphus William,$cSir.
=787  0\$w(Uk)MP1.0001447019
=886  2\$2blmarc$a709$b00$aWARD$eSir$hAdolphus William$p012618.fff.41.$x3450140027
=859  \\$aXLD$bMS Digitised
=883  0\$aLanguage codes assigned by Bayesian analysis of words present in record$d20201028$qUk$c0.9010
=985  \\$aUpgraded by BSS-generated file for WR2011-1472
=CAT  \\$aBATCH-MSDN$b00$c20130227$lBLL01$h1541
=CAT  \\$aMSD-SUPP$c20130227$lBLL01$h1832
=CAT  \\$aBATCH-UPD$b00$c20130318$lBLL01$h1050
=CAT  \\$aWR13.117$c20130720$lBLL01$h1920
=CAT  \\$aWR14.046$c20140417$lBLL01$h1724
=CAT  \\$aWR13.144/5$c20140418$lBLL01$h1042
=CAT  \\$aBATCH-UPD$b00$c20150727$lBLL01$h2044
=CAT  \\$aW2011-1472$b00$c20201127$lBLL01$h1833
=CAT  \\$a6490$b40$c20210211$lBLL01$h1356
=FIN  \\$aY$d20130227
=LKR  \\$aPAR$lBLL01$r776$b001372645$mThe works of Mrs. Gaskell. With introductions by A. W. Ward. (The Knutsford edition.).$nThe works of Mrs. Gaskell. With introductions by A. W. Ward. (The Knutsford edition.).
=DGM  \\$a001372645$bCatBridge variable field
=DRT  \\$aMSD
=SRC  \\$aMSD$bmsdig_000172
=LAS  \\$a6490$b40$c20210211$lBLL01$h1356

