=LDR  02070 aa a22005053  4500
=001  016285805
=003  Uk
=005  20210211141457.0
=007  cr\mn\024mpadp
=007  cr\mn\024mpada
=008  880823||||||||||||\\\\|s\\\\\|||\||eng\\
=FMT  \\$a  BK
=040  \\$aUk$cUk
=100  1\$aGilbert, W. S.$q(William Schwenck),$d1836-1911.
=245  10$a[Comic Operas.] With coloured illustrations by W. Russell Flint.$pThe Pirates of Penzance.$h[electronic resource]
=336  \\$atext$2rdacontent
=337  \\$acomputer$2rdamedia
=338  \\$aonline resource$2rdacarrier
=580  \\$aPart of: [Comic Operas.] With coloured illustrations by W. Russell Flint.
=700  1\$aFlint, W. Russell$q(William Russell),$d1880-1969.
=787  0\$w(Uk)MP1.0001498319
=886  2\$2blmarc$a709$b00$aFLINT$eSir$hWilliam Russell$p011779.i.1.$x110258021X
=859  \\$aXLD$bMS Digitised
=883  0\$aLanguage codes assigned by Bayesian analysis of words present in record$d20201028$qUk$c0.9010
=985  \\$aUpgraded by BSS-generated file for WR2011-1472
=CAT  \\$aBATCH-MSDN$b00$c20130227$lBLL01$h1541
=CAT  \\$aBATCH-MSDE$b00$c20130227$lBLL01$h1648
=CAT  \\$aBATCH-MSDE$b00$c20130227$lBLL01$h1701
=CAT  \\$aMSD-SUPP$c20130227$lBLL01$h1832
=CAT  \\$aBATCH-UPD$b00$c20130318$lBLL01$h1050
=CAT  \\$aWR13.117$c20130720$lBLL01$h1920
=CAT  \\$aWR14.046$c20140417$lBLL01$h1724
=CAT  \\$aWR13.144/5$c20140418$lBLL01$h1042
=CAT  \\$aBATCH-UPD$b00$c20151012$lBLL01$h0741
=CAT  \\$a5194$b40$c20170705$lBLL01$h1437
=CAT  \\$aW2011-1472$b00$c20201127$lBLL01$h1833
=CAT  \\$a6490$b40$c20210211$lBLL01$h1414
=FIN  \\$aY$d20130227
=LKR  \\$aPAR$lBLL01$r776$b001421054$m[Comic Operas.] With coloured illustrations by W. Russell Flint.$n[Comic Operas.] With coloured illustrations by W. Russell Flint.
=DGM  \\$a001421054$bCatBridge variable field
=DRT  \\$aMSD
=SRC  \\$aMSD$bmsdig_000174
=SRC  \\$aMSD$bmsdig_000172
=SRC  \\$aMSD$bmsdig_000173
=LAS  \\$a6490$b40$c20210211$lBLL01$h1414

