=LDR  01617 am a22004213  4500
=001  016285808
=003  Uk
=005  20210204114954.0
=007  cr\mn\024mpadp
=007  cr\mn\024mpada
=008  880906|1935|||||||\\\\|s\\\\\|||\||eng\\
=FMT  \\$a  BK
=040  \\$aUk$cUk
=100  1\$aGilson, Charles,$d1878-1943.
=245  14$aThe Pirate Aeroplane.$h[electronic resource]
=336  \\$atext$2rdacontent
=337  \\$acomputer$2rdamedia
=338  \\$aonline resource$2rdacarrier
=580  \\$aIn : Aerobus. The Aerobus, etc. 1935. 8º.
=787  0\$tThe Pirate Aeroplane ... Illustrated in colour by Christopher Clark.$w(Uk)MP1.0001503665$dpp. 327. Henry Frowde: Hodder & Stoughton: London, 1913. 8º.
=859  \\$aXLD$bMS Digitised
=883  0\$aLanguage codes assigned by Bayesian analysis of words present in record$d20201028$qUk$c0.9010
=985  \\$aUpgraded by BSS-generated file for WR2011-1472
=CAT  \\$aBATCH-MSDN$b00$c20130227$lBLL01$h1541
=CAT  \\$aMSD-SUPP$c20130227$lBLL01$h1832
=CAT  \\$aBATCH-UPD$b00$c20130318$lBLL01$h1050
=CAT  \\$aWR13.117$c20130720$lBLL01$h1920
=CAT  \\$aWR14.046$c20140417$lBLL01$h1724
=CAT  \\$aWR13.144/5$c20140418$lBLL01$h1042
=CAT  \\$a5100$b40$c20180424$lBLL01$h0830
=CAT  \\$aW2011-1472$b00$c20201127$lBLL01$h1833
=CAT  \\$a7764$b40$c20210204$lBLL01$h1149
=FIN  \\$aY$d20130227
=LKR  \\$aPAR$lBLL01$r776$b001426417$mThe Pirate Aeroplane.$nThe Pirate Aeroplane.
=DGM  \\$a001426417$bCatBridge variable field
=DRT  \\$aMSD
=SRC  \\$aMSD$bmsdig_000172
=LAS  \\$a7764$b40$c20210204$lBLL01$h1149

