=LDR  02204 am a22006373  4500
=001  016285813
=003  Uk
=005  20210208145635.0
=007  cr\mn\024mpadp
=007  cr\mn\024mpada
=008  880907|1905|||||||\\\\|s\\\\\|||\||eng\\
=FMT  \\$a  BK
=040  \\$aUk$cUk
=100  1\$aGREEN, Evelyn Everett.
=245  10$aIn Pursuit of a Phantom.$h[electronic resource]
=260  \\$c[1905]
=300  \\$a184 p.
=336  \\$atext$2rdacontent
=337  \\$acomputer$2rdamedia
=338  \\$aonline resource$2rdacarrier
=580  \\$aIn : Leisure Hour Monthly Library. The Leisure Hour Monthly Library. no. 1. [1905, etc.] 8º.
=859  \\$aXLD$bMS Digitised
=CAT  \\$aBATCH-MSDN$b00$c20130227$lBLL01$h1541
=CAT  \\$aBATCH-MSDE$b00$c20130227$lBLL01$h1648
=CAT  \\$aBATCH-MSDE$b00$c20130227$lBLL01$h1701
=CAT  \\$aBATCH-MSDE$b00$c20130227$lBLL01$h1705
=CAT  \\$aBATCH-MSDE$b00$c20130227$lBLL01$h1715
=CAT  \\$aBATCH-MSDE$b00$c20130227$lBLL01$h1718
=CAT  \\$aBATCH-MSDE$b00$c20130227$lBLL01$h1720
=CAT  \\$aBATCH-MSDE$b00$c20130227$lBLL01$h1723
=CAT  \\$aBATCH-MSDE$b00$c20130227$lBLL01$h1725
=CAT  \\$aBATCH-MSDE$b00$c20130227$lBLL01$h1727
=CAT  \\$aBATCH-MSDE$b00$c20130227$lBLL01$h1731
=CAT  \\$aMSD-SUPP$c20130227$lBLL01$h1832
=CAT  \\$aBATCH-UPD$b00$c20130318$lBLL01$h1050
=CAT  \\$aWR13.117$c20130720$lBLL01$h1920
=CAT  \\$aWR14.046$c20140417$lBLL01$h1724
=CAT  \\$aWR13.144/5$c20140418$lBLL01$h1042
=CAT  \\$aW1807-0595$c20180717$lBLL01$h1729
=CAT  \\$a7764$b40$c20210208$lBLL01$h1456
=FIN  \\$aY$d20130227
=LKR  \\$aPAR$lBLL01$r776$b001498562$mIn Pursuit of a Phantom.$nIn Pursuit of a Phantom.
=DGM  \\$a001498562$bCatBridge variable field
=DRT  \\$aMSD
=SRC  \\$aMSD$bmsdig_000182
=SRC  \\$aMSD$bmsdig_000181
=SRC  \\$aMSD$bmsdig_000180
=SRC  \\$aMSD$bmsdig_000179
=SRC  \\$aMSD$bmsdig_000178
=SRC  \\$aMSD$bmsdig_000177
=SRC  \\$aMSD$bmsdig_000176
=SRC  \\$aMSD$bmsdig_000175
=SRC  \\$aMSD$bmsdig_000174
=SRC  \\$aMSD$bmsdig_000172
=SRC  \\$aMSD$bmsdig_000173
=LAS  \\$a7764$b40$c20210208$lBLL01$h1456

