=LDR  02745 am a22006733  4500
=001  016285816
=003  Uk
=005  20210208125859.0
=007  cr\mn\024mpadp
=007  cr\mn\024mpada
=008  881017|1910|||||||\\\\|s\\\\\|||\||eng\\
=FMT  \\$a  BK
=040  \\$aUk$cUk
=100  1\$aHammerton, John Alexander,$cSir,$d1871-1949.
=245  14$aThe Dickens Companion: a book of anecdote and reference ... With 72 illustrations, etc.$h[electronic resource]
=260  \\$c[1910]
=300  \\$axvi, 607 p.
=336  \\$atext$2rdacontent
=337  \\$acomputer$2rdamedia
=338  \\$aonline resource$2rdacarrier
=580  \\$aIn : Dickens (Charles) [Works.] Charles Dickens Library, etc. vol. 18. [1910.] 8º.
=700  1\$aDickens, Charles,$d1812-1870.$tGeneral Appendix.
=886  2\$2blmarc$a709$b00$aDICKENS$hCharles$tGeneral Appendix$p012602.k.2.$x0824390326
=859  \\$aXLD$bMS Digitised
=883  0\$aLanguage codes assigned by Bayesian analysis of words present in record$d20201028$qUk$c0.9010
=985  \\$aCorrected by MS generated file for WR# 11/211
=985  \\$aUpgraded by BSS-generated file for WR2011-1472
=CAT  \\$aBATCH-MSDN$b00$c20130227$lBLL01$h1541
=CAT  \\$aBATCH-MSDE$b00$c20130227$lBLL01$h1648
=CAT  \\$aBATCH-MSDE$b00$c20130227$lBLL01$h1701
=CAT  \\$aBATCH-MSDE$b00$c20130227$lBLL01$h1705
=CAT  \\$aBATCH-MSDE$b00$c20130227$lBLL01$h1715
=CAT  \\$aBATCH-MSDE$b00$c20130227$lBLL01$h1718
=CAT  \\$aBATCH-MSDE$b00$c20130227$lBLL01$h1720
=CAT  \\$aBATCH-MSDE$b00$c20130227$lBLL01$h1723
=CAT  \\$aMSD-SUPP$c20130227$lBLL01$h1832
=CAT  \\$aBATCH-UPD$b00$c20130318$lBLL01$h1050
=CAT  \\$aWR13.117$c20130720$lBLL01$h1920
=CAT  \\$aWR14.046$c20140417$lBLL01$h1724
=CAT  \\$aWR13.144/5$c20140418$lBLL01$h1042
=CAT  \\$aWR11_211$c20141230$lBLL01$h1735
=CAT  \\$aBLSS-CORR$b00$c20141230$lBLL01$h1744
=CAT  \\$a8874$b40$c20150129$lBLL01$h0851
=CAT  \\$aBATCH-UPD$b40$c20150426$lBLL01$h2313
=CAT  \\$aW2011-1472$b00$c20201127$lBLL01$h1833
=CAT  \\$a7764$b40$c20210208$lBLL01$h1258
=FIN  \\$aY$d20130227
=LKR  \\$aPAR$lBLL01$r776$b001581626$mThe Dickens Companion: a book of anecdote and reference ... With 72 illustrations, etc.$nThe Dickens Companion: a book of anecdote and reference ... With 72 illustrations, etc.
=DGM  \\$a001581626$bCatBridge variable field
=DRT  \\$aMSD
=SRC  \\$aMSD$bmsdig_000179
=SRC  \\$aMSD$bmsdig_000178
=SRC  \\$aMSD$bmsdig_000177
=SRC  \\$aMSD$bmsdig_000176
=SRC  \\$aMSD$bmsdig_000175
=SRC  \\$aMSD$bmsdig_000172
=SRC  \\$aMSD$bmsdig_000174
=SRC  \\$aMSD$bmsdig_000173
=LAS  \\$a7764$b40$c20210208$lBLL01$h1258

