=LDR  01639 aa a22004213  4500
=001  016285824
=003  Uk
=005  20210215120815.0
=007  cr\mn\024mpadp
=007  cr\mn\024mpada
=008  890127||||||||||||\\\\|s\\\\\|||\||eng\\
=FMT  \\$a  BK
=040  \\$aUk$cUk
=100  1\$aKipling, Rudyard,$d1865-1936.
=245  14$aThe Bombay Edition of the Works of Rudyard Kipling.$p13. The Day's Work. pp. vii. 330. 1914.$h[electronic resource]
=336  \\$atext$2rdacontent
=337  \\$acomputer$2rdamedia
=338  \\$aonline resource$2rdacarrier
=580  \\$aPart of: The Bombay Edition of the Works of Rudyard Kipling.
=787  0\$w(Uk)MP1.0002089605
=859  \\$aXLD$bMS Digitised
=883  0\$aLanguage codes assigned by Bayesian analysis of words present in record$d20201028$qUk$c0.9010
=985  \\$aUpgraded by BSS-generated file for WR2011-1472
=CAT  \\$aBATCH-MSDN$b00$c20130227$lBLL01$h1541
=CAT  \\$aMSD-SUPP$c20130227$lBLL01$h1832
=CAT  \\$aBATCH-UPD$b00$c20130318$lBLL01$h1050
=CAT  \\$aWR13.117$c20130720$lBLL01$h1920
=CAT  \\$aWR14.046$c20140417$lBLL01$h1724
=CAT  \\$aWR13.144/5$c20140418$lBLL01$h1042
=CAT  \\$aBATCH-UPD$b00$c20150918$lBLL01$h2131
=CAT  \\$aW2011-1472$b00$c20201127$lBLL01$h1833
=CAT  \\$a6490$b40$c20210215$lBLL01$h1208
=FIN  \\$aY$d20130227
=LKR  \\$aPAR$lBLL01$r776$b001972445$mThe Bombay Edition of the Works of Rudyard Kipling.$nThe Bombay Edition of the Works of Rudyard Kipling.
=DGM  \\$a001972445$bCatBridge variable field
=DRT  \\$aMSD
=SRC  \\$aMSD$bmsdig_000172
=LAS  \\$a6490$b40$c20210215$lBLL01$h1208

