=LDR  02027 aa a22004573  4500
=001  016285829
=003  Uk
=005  20210215151052.0
=007  cr\mn\024mpadp
=007  cr\mn\024mpada
=008  960925||||||||||||\\\\|s\\\\\|||\||eng\\
=FMT  \\$a  BK
=040  \\$aUk$cUk
=100  1\$aLANDOR, Walter Savage.
=245  14$aThe complete works of Walter Savage Landor. Edited by T. Earle Welby. (vol. 13-16. Edited by Stephen Wheeler.).$p11. High and low life in Italy.-The poems of Catullus. 1930. pp. v, 225.$h[electronic resource]
=336  \\$atext$2rdacontent
=337  \\$acomputer$2rdamedia
=338  \\$aonline resource$2rdacarrier
=580  \\$aPart of: The complete works of Walter Savage Landor. Edited by T. Earle Welby. (vol. 13-16. Edited by Stephen Wheeler.)
=787  0\$w(Uk)MP1.0002192030
=859  \\$aXLD$bMS Digitised
=883  0\$aLanguage codes assigned by Bayesian analysis of words present in record$d20201028$qUk$c0.9010
=985  \\$aUpgraded by BSS-generated file for WR2011-1472
=CAT  \\$aBATCH-MSDN$b00$c20130227$lBLL01$h1541
=CAT  \\$aBATCH-MSDE$b00$c20130227$lBLL01$h1648
=CAT  \\$aBATCH-MSDE$b00$c20130227$lBLL01$h1701
=CAT  \\$aMSD-SUPP$c20130227$lBLL01$h1832
=CAT  \\$aBATCH-UPD$b00$c20130318$lBLL01$h1050
=CAT  \\$aWR13.117$c20130720$lBLL01$h1920
=CAT  \\$aWR14.046$c20140417$lBLL01$h1724
=CAT  \\$aWR13.144/5$c20140418$lBLL01$h1042
=CAT  \\$aW2011-1472$b00$c20201127$lBLL01$h1833
=CAT  \\$a6490$b40$c20210215$lBLL01$h1510
=FIN  \\$aY$d20130227
=LKR  \\$aPAR$lBLL01$r776$b002066565$mThe complete works of Walter Savage Landor. Edited by T. Earle Welby. (vol. 13-16. Edited by Stephen Wheeler.).$nThe complete works of Walter Savage Landor. Edited by T. Earle Welby. (vol. 13-16. Edited by Stephen Wheeler.).
=DGM  \\$a002066565$bCatBridge variable field
=DRT  \\$aMSD
=SRC  \\$aMSD$bmsdig_000174
=SRC  \\$aMSD$bmsdig_000172
=SRC  \\$aMSD$bmsdig_000173
=LAS  \\$a6490$b40$c20210215$lBLL01$h1510

