=LDR  01981 am a22004693  4500
=001  016285834
=003  Uk
=005  20210211090623.0
=007  cr\mn\024mpadp
=007  cr\mn\024mpada
=008  890525|1891||||enk\\\\|s\\\\\|||\||eng\\
=FMT  \\$a  BK
=040  \\$aUk$cUk
=100  1\$aMATTHEWS, James Brander.
=245  10$aWith my Friends. Tales told in partnership ... With an introductory essay on the the Art and mystery of Collaboration.$h[electronic resource]
=264  \1$aLondon :$bLongmans & Co,$c1891.
=300  \\$a284 pages ;$c(8º)
=336  \\$atext$2rdacontent
=337  \\$acomputer$2rdamedia
=338  \\$aonline resource$2rdacarrier
=859  \\$aXLD$bMS Digitised
=883  0\$aLanguage codes assigned by Bayesian analysis of words present in record$d20201028$qUk$c0.9010
=985  \\$aUpgraded by BSS-generated file for WR1910-0531
=985  \\$aUpgraded by BSS-generated file for WR2011-1472
=CAT  \\$aBATCH-MSDN$b00$c20130227$lBLL01$h1541
=CAT  \\$aMSD-SUPP$c20130227$lBLL01$h1832
=CAT  \\$aBATCH-UPD$b00$c20130318$lBLL01$h1050
=CAT  \\$aWR13.117$c20130720$lBLL01$h1920
=CAT  \\$aWR14.046$c20140417$lBLL01$h1724
=CAT  \\$aWR13.144/5$c20140418$lBLL01$h1042
=CAT  \\$a1805-0738$c20181228$lBLL01$h1832
=CAT  \\$a1805-0738$b00$c20181228$lBLL01$h1917
=CAT  \\$aW1910-0531$b00$c20191108$lBLL01$h1813
=CAT  \\$aW2001-2376$c20200626$lBLL01$h1827
=CAT  \\$aW2011-1472$b00$c20201127$lBLL01$h1833
=CAT  \\$a7764$b40$c20210211$lBLL01$h0906
=FIN  \\$aY$d20130227
=LKR  \\$aPAR$lBLL01$r776$b002424782$mWith my Friends. Tales told in partnership ... With an introductory essay on the the Art and mystery of Collaboration.$nWith my Friends. Tales told in partnership ... With an introductory essay on the the Art and mystery of Collaboration.
=DGM  \\$a002424782$bCatBridge variable field
=DRT  \\$aMSD
=SRC  \\$aMSD$bmsdig_000172
=LAS  \\$a7764$b40$c20210211$lBLL01$h0906

