=LDR  01300 am a22003973  4500
=001  016285835
=003  Uk
=005  20210208132122.0
=007  cr\mn\024mpadp
=007  cr\mn\024mpada
=008  890817|1909|||||||\\\\|s\\\\\|||\||eng\\
=FMT  \\$a  BK
=040  \\$aUk$cUk
=100  1\$aNorris, W. E.$q(William Edward),$d1847-1925.
=245  14$aThe Square Peg.$h[electronic resource]
=260  \\$c[1909]
=300  \\$a125 p.
=336  \\$atext$2rdacontent
=337  \\$acomputer$2rdamedia
=338  \\$aonline resource$2rdacarrier
=580  \\$aIn : Constable (A.) and Co. Constable's Sixpenny Series. [1908, etc.] 8º.
=859  \\$aXLD$bMS Digitised
=CAT  \\$aBATCH-MSDN$b00$c20130227$lBLL01$h1541
=CAT  \\$aMSD-SUPP$c20130227$lBLL01$h1832
=CAT  \\$aBATCH-UPD$b00$c20130318$lBLL01$h1050
=CAT  \\$aWR13.117$c20130720$lBLL01$h1920
=CAT  \\$aWR14.046$c20140417$lBLL01$h1724
=CAT  \\$aWR13.144/5$c20140418$lBLL01$h1042
=CAT  \\$aW1807-0595$c20180717$lBLL01$h1729
=CAT  \\$a7764$b40$c20210208$lBLL01$h1321
=FIN  \\$aY$d20130227
=LKR  \\$aPAR$lBLL01$r776$b002672121$mThe Square Peg.$nThe Square Peg.
=DGM  \\$a002672121$bCatBridge variable field
=DRT  \\$aMSD
=SRC  \\$aMSD$bmsdig_000172
=LAS  \\$a7764$b40$c20210208$lBLL01$h1321

