=LDR  01958 aa a22004573  4500
=001  016285841
=003  Uk
=005  20210216141605.0
=007  cr\mn\024mpadp
=007  cr\mn\024mpada
=008  891010||||||||||||\\\\|s\\\\\|||\||eng\\
=FMT  \\$a  BK
=040  \\$aUk$cUk
=100  1\$aPeacock, Thomas Love,$d1785-1866.
=245  14$aThe Halliford edition of the works of Thomas Love Peacock. Edited by H. F. B. Brett-Smith & C. E. Jones.$p7. Poems and plays. 1931. pp. xv, 548.$h[electronic resource]
=336  \\$atext$2rdacontent
=337  \\$acomputer$2rdamedia
=338  \\$aonline resource$2rdacarrier
=580  \\$aPart of: The Halliford edition of the works of Thomas Love Peacock. Edited by H. F. B. Brett-Smith & C. E. Jones.
=700  1\$aSMITH, Herbert Francis Brett Brett.
=787  0\$w(Uk)MP1.0002987846
=886  2\$2blmarc$a709$b00$aSMITH$hHerbert Francis Brett Brett$p12268.f.9.$x3053800055
=859  \\$aXLD$bMS Digitised
=883  0\$aLanguage codes assigned by Bayesian analysis of words present in record$d20201028$qUk$c0.9010
=985  \\$aUpgraded by BSS-generated file for WR2011-1472
=CAT  \\$aBATCH-MSDN$b00$c20130227$lBLL01$h1541
=CAT  \\$aMSD-SUPP$c20130227$lBLL01$h1832
=CAT  \\$aBATCH-UPD$b00$c20130318$lBLL01$h1050
=CAT  \\$aWR13.117$c20130720$lBLL01$h1920
=CAT  \\$aWR14.046$c20140417$lBLL01$h1724
=CAT  \\$aWR13.144/5$c20140418$lBLL01$h1042
=CAT  \\$a5194$b40$c20170808$lBLL01$h0856
=CAT  \\$aBATCH-UPD$b40$c20170808$lBLL01$h0924
=CAT  \\$aW2011-1472$b00$c20201127$lBLL01$h1833
=CAT  \\$a6490$b40$c20210216$lBLL01$h1416
=FIN  \\$aY$d20130227
=LKR  \\$aPAR$lBLL01$r776$b002803100$mThe Halliford edition of the works of Thomas Love Peacock. Edited by H. F. B. Brett-Smith & C. E. Jones.$nPoems and plays.
=DGM  \\$a002803100$bCatBridge variable field
=DRT  \\$aMSD
=SRC  \\$aMSD$bmsdig_000172
=LAS  \\$a6490$b40$c20210216$lBLL01$h1416

