=LDR  01322 am a22003853  4500
=001  016285843
=003  Uk
=005  20210209162110.0
=007  cr\mn\024mpadp
=007  cr\mn\024mpada
=008  891030|1901|||||||\\\\|s\\\\\|||\||eng\\
=FMT  \\$a  BK
=040  \\$aUk$cUk
=100  1\$aPHILLIPS, Emma Watts.
=245  10$aSociety's Market, or: Bought and Sold, etc.$h[electronic resource]
=300  \\$a39 p.
=336  \\$atext$2rdacontent
=337  \\$acomputer$2rdamedia
=338  \\$aonline resource$2rdacarrier
=580  \\$aIn : Old Home Novelist. The Old Home Novelist. [1901.] 8º.
=859  \\$aXLD$bMS Digitised
=CAT  \\$aBATCH-MSDN$b00$c20130227$lBLL01$h1541
=CAT  \\$aMSD-SUPP$c20130227$lBLL01$h1832
=CAT  \\$aBATCH-UPD$b00$c20130318$lBLL01$h1050
=CAT  \\$aWR13.117$c20130720$lBLL01$h1920
=CAT  \\$aWR14.046$c20140417$lBLL01$h1724
=CAT  \\$aWR13.144/5$c20140418$lBLL01$h1042
=CAT  \\$aW1807-0595$c20180717$lBLL01$h1729
=CAT  \\$a7764$b40$c20210209$lBLL01$h1621
=FIN  \\$aY$d20130227
=LKR  \\$aPAR$lBLL01$r776$b002902454$mSociety's Market, or: Bought and Sold, etc.$nSociety's Market, or: Bought and Sold, etc.
=DGM  \\$a002902454$bCatBridge variable field
=DRT  \\$aMSD
=SRC  \\$aMSD$bmsdig_000172
=LAS  \\$a7764$b40$c20210209$lBLL01$h1621

