=LDR  01296 am a22003973  4500
=001  016285845
=003  Uk
=005  20210204155128.0
=007  cr\mn\024mpadp
=007  cr\mn\024mpada
=008  900125|1912|||||||\\\\|s\\\\\|||\||und\\
=FMT  \\$a  BK
=040  \\$aUk$cUk
=100  1\$aRae, Milne,$cMrs.,$d1844-1933.
=245  10$aBride Lorraine.$h[electronic resource]
=260  \\$c[1912]
=300  \\$a192 p.
=336  \\$atext$2rdacontent
=337  \\$acomputer$2rdamedia
=338  \\$aonline resource$2rdacarrier
=580  \\$aIn : Leisure Hour Monthly Library. The Leisure Hour Monthly Library. [1905, etc.] 8º.
=859  \\$aXLD$bMS Digitised
=CAT  \\$aBATCH-MSDN$b00$c20130227$lBLL01$h1541
=CAT  \\$aMSD-SUPP$c20130227$lBLL01$h1832
=CAT  \\$aBATCH-UPD$b00$c20130318$lBLL01$h1050
=CAT  \\$aWR13.117$c20130720$lBLL01$h1920
=CAT  \\$aWR14.046$c20140417$lBLL01$h1724
=CAT  \\$aWR13.144/5$c20140418$lBLL01$h1042
=CAT  \\$a6550$b40$c20190816$lBLL01$h1505
=CAT  \\$a7764$b40$c20210204$lBLL01$h1551
=FIN  \\$aY$d20130227
=LKR  \\$aPAR$lBLL01$r776$b003028314$mBride Lorraine.$nBride Lorraine.
=DGM  \\$a003028314$bCatBridge variable field
=DRT  \\$aMSD
=SRC  \\$aMSD$bmsdig_000172
=LAS  \\$a7764$b40$c20210204$lBLL01$h1551

