=LDR  01356 am a22003733  4500
=001  016285848
=003  Uk
=005  20210204144151.0
=007  cr\mn\024mpadp
=007  cr\mn\024mpada
=008  900112|1921|||||||\\\\|s\\\\\|||\||eng\\
=FMT  \\$a  BK
=040  \\$aUk$cUk
=100  1\$aRICHMOND, Hugh,$cStudent at the Perse School, Cambridge.
=245  14$aThe Death of Roland. (By H. Richmond ... and others.).$h[electronic resource]
=336  \\$atext$2rdacontent
=337  \\$acomputer$2rdamedia
=338  \\$aonline resource$2rdacarrier
=580  \\$aIn : Happold (F. C.) Two Plays, etc. 1921. 8º.
=859  \\$aXLD$bMS Digitised
=CAT  \\$aBATCH-MSDN$b00$c20130227$lBLL01$h1541
=CAT  \\$aMSD-SUPP$c20130227$lBLL01$h1832
=CAT  \\$aBATCH-UPD$b00$c20130318$lBLL01$h1050
=CAT  \\$aWR13.117$c20130720$lBLL01$h1920
=CAT  \\$aWR14.046$c20140417$lBLL01$h1724
=CAT  \\$aWR13.144/5$c20140418$lBLL01$h1042
=CAT  \\$aW1807-0595$c20180717$lBLL01$h1729
=CAT  \\$a7764$b40$c20210204$lBLL01$h1441
=FIN  \\$aY$d20130227
=LKR  \\$aPAR$lBLL01$r776$b003096415$mThe Death of Roland. (By H. Richmond ... and others.).$nThe Death of Roland. (By H. Richmond ... and others.).
=DGM  \\$a003096415$bCatBridge variable field
=DRT  \\$aMSD
=SRC  \\$aMSD$bmsdig_000172
=LAS  \\$a7764$b40$c20210204$lBLL01$h1441

