=LDR  01596 am a22004453  4500
=001  016285849
=003  Uk
=005  20210204154646.0
=007  cr\mn\024mpadp
=007  cr\mn\024mpada
=008  900130|1914|||||||\\\\|s\\\\\|||\||eng\\
=FMT  \\$a  BK
=040  \\$aUk$cUk
=100  1\$aRidge, W. Pett$q(William Pett),$d-1930.
=245  10$aSecretary to Bayne, M.P.$h[electronic resource]
=260  \\$c[1914]
=300  \\$a96 p.
=336  \\$atext$2rdacontent
=337  \\$acomputer$2rdamedia
=338  \\$aonline resource$2rdacarrier
=580  \\$aIn : Constable (A.) and Co. Constable's Sixpenny Series. [1908, etc.] 8º.
=859  \\$aXLD$bMS Digitised
=883  0\$aLanguage codes assigned by Bayesian analysis of words present in record$d20201028$qUk$c0.9010
=985  \\$aRecord amended for WR# 13/070
=985  \\$aUpgraded by BSS-generated file for WR2011-1472
=CAT  \\$aBATCH-MSDN$b00$c20130227$lBLL01$h1541
=CAT  \\$aMSD-SUPP$c20130227$lBLL01$h1832
=CAT  \\$aBATCH-UPD$b00$c20130318$lBLL01$h1050
=CAT  \\$aWR13_070$b00$c20130504$lBLL01$h0341
=CAT  \\$aWR13.117$c20130720$lBLL01$h1920
=CAT  \\$aWR14.046$c20140417$lBLL01$h1724
=CAT  \\$aWR13.144/5$c20140418$lBLL01$h1042
=CAT  \\$aW2011-1472$b00$c20201127$lBLL01$h1833
=CAT  \\$a7764$b40$c20210204$lBLL01$h1546
=FIN  \\$aY$d20130227
=LKR  \\$aPAR$lBLL01$r776$b003099932$mSecretary to Bayne, M.P.$nSecretary to Bayne, M.P.
=DGM  \\$a003099932$bCatBridge variable field
=DRT  \\$aMSD
=SRC  \\$aMSD$bmsdig_000172
=LAS  \\$a7764$b40$c20210204$lBLL01$h1546

