=LDR  01925 am a22004813  4500
=001  016285850
=003  Uk
=005  20210209155220.0
=007  cr\mn\024mpadp
=007  cr\mn\024mpada
=008  900131|1904||||enk\\\\|s\\\\\|||\||eng\\
=FMT  \\$a  BK
=040  \\$aUk$cUk
=100  1\$aRobinson, E.
=245  10$aPoems of 1848 and earlier days. Translated [from Victor Hugo, Heine, Chamisso and others] by E. Robinson.$h[electronic resource]
=264  \1$aLondon ;$aManchester :$bSherratt & Hughes,$c1904.
=300  \\$a199 pages ;$c(8º)
=336  \\$atext$2rdacontent
=337  \\$acomputer$2rdamedia
=338  \\$aonline resource$2rdacarrier
=859  \\$aXLD$bMS Digitised
=985  \\$aUpgraded by BSS-generated file for WR1910-0531
=CAT  \\$aBATCH-MSDN$b00$c20130227$lBLL01$h1541
=CAT  \\$aMSD-SUPP$c20130227$lBLL01$h1832
=CAT  \\$aBATCH-UPD$b00$c20130318$lBLL01$h1050
=CAT  \\$aWR13.117$c20130720$lBLL01$h1920
=CAT  \\$aWR14.046$c20140417$lBLL01$h1724
=CAT  \\$aWR13.144/5$c20140418$lBLL01$h1042
=CAT  \\$aWR11_211$c20141230$lBLL01$h1735
=CAT  \\$aBATCH-UPD$b00$c20141230$lBLL01$h1739
=CAT  \\$aBLSS-CORR$b00$c20141230$lBLL01$h1744
=CAT  \\$aW1807-0595$c20180717$lBLL01$h1729
=CAT  \\$a1805-0738$c20181228$lBLL01$h1832
=CAT  \\$a1805-0738$b00$c20181228$lBLL01$h1917
=CAT  \\$aW1910-0531$b00$c20191108$lBLL01$h1813
=CAT  \\$aW2001-2376$c20200626$lBLL01$h1827
=CAT  \\$a7764$b40$c20210209$lBLL01$h1552
=FIN  \\$aY$d20130227
=LKR  \\$aPAR$lBLL01$r776$b003123393$mPoems of 1848 and earlier days. Translated [from Victor Hugo, Heine, Chamisso and others] by E. Robinson.$nPoems of 1848 and earlier days. Translated [from Victor Hugo, Heine, Chamisso and others] by E. Robinson.
=DGM  \\$a003123393$bCatBridge variable field
=DRT  \\$aMSD
=SRC  \\$aMSD$bmsdig_000172
=LAS  \\$a7764$b40$c20210209$lBLL01$h1552

