=LDR  01956 aa a22004573  4500
=001  016285855
=003  Uk
=005  20210216142852.0
=007  cr\mn\024mpadp
=007  cr\mn\024mpada
=008  900327||||||||||||\\\\|s\\\\\|||\||eng\\
=FMT  \\$a  BK
=040  \\$aUk$cUk
=100  1\$aSharp, William,$d1855-1905.
=245  10$aSelected Writings of William Sharp. Uniform edition. Arranged by Mrs. William Sharp.$pIII. Papers Critical & Reminiscent. pp. vii. 374.$h[electronic resource]
=336  \\$atext$2rdacontent
=337  \\$acomputer$2rdamedia
=338  \\$aonline resource$2rdacarrier
=580  \\$aPart of: Selected Writings of William Sharp. Uniform edition. Arranged by Mrs. William Sharp.
=700  1\$aSHARP, Elizabeth Amelia.
=787  0\$w(Uk)MP1.0003583704
=886  2\$2blmarc$a709$b00$aSHARP$hElizabeth Amelia$p12269.eee.1.$x3000940251
=859  \\$aXLD$bMS Digitised
=883  0\$aLanguage codes assigned by Bayesian analysis of words present in record$d20201028$qUk$c0.9010
=985  \\$aUpgraded by BSS-generated file for WR2011-1472
=CAT  \\$aBATCH-MSDN$b00$c20130227$lBLL01$h1541
=CAT  \\$aMSD-SUPP$c20130227$lBLL01$h1832
=CAT  \\$aBATCH-UPD$b00$c20130318$lBLL01$h1050
=CAT  \\$aWR13.117$c20130720$lBLL01$h1920
=CAT  \\$aWR14.046$c20140417$lBLL01$h1724
=CAT  \\$aWR13.144/5$c20140418$lBLL01$h1042
=CAT  \\$aBATCH-UPD$b00$c20151012$lBLL01$h0741
=CAT  \\$aBATCH-UPD$b00$c20160303$lBLL01$h2127
=CAT  \\$aW2011-1472$b00$c20201127$lBLL01$h1833
=CAT  \\$a6490$b40$c20210216$lBLL01$h1428
=FIN  \\$aY$d20130227
=LKR  \\$aPAR$lBLL01$r776$b003358054$mSelected Writings of William Sharp. Uniform edition. Arranged by Mrs. William Sharp.$nSelected Writings of William Sharp. Uniform edition. Arranged by Mrs. William Sharp.
=DGM  \\$a003358054$bCatBridge variable field
=DRT  \\$aMSD
=SRC  \\$aMSD$bmsdig_000172
=LAS  \\$a6490$b40$c20210216$lBLL01$h1428

