=LDR  01399 am a22004213  4500
=001  016285856
=003  Uk
=005  20210208092258.0
=007  cr\mn\024mpadp
=007  cr\mn\024mpada
=008  900410|1911|||||||\\\\|s\\\\\|||\||eng\\
=FMT  \\$a  BK
=040  \\$aUk$cUk
=100  1\$aSilke, Louisa C.
=245  10$aRavensdale Castle.$h[electronic resource]
=260  \\$c[1911]
=300  \\$a127 p.
=336  \\$atext$2rdacontent
=337  \\$acomputer$2rdamedia
=338  \\$aonline resource$2rdacarrier
=580  \\$aIn : Leisure Hour Monthly Library. The Leisure Hour Monthly Library. [1905, etc.] 8º.
=859  \\$aXLD$bMS Digitised
=CAT  \\$aBATCH-MSDN$b00$c20130227$lBLL01$h1541
=CAT  \\$aMSD-SUPP$c20130227$lBLL01$h1832
=CAT  \\$aBATCH-UPD$b00$c20130318$lBLL01$h1050
=CAT  \\$aWR13.117$c20130720$lBLL01$h1920
=CAT  \\$aWR14.046$c20140417$lBLL01$h1724
=CAT  \\$aWR13.144/5$c20140418$lBLL01$h1042
=CAT  \\$aBATCH-UPD$b00$c20151012$lBLL01$h0741
=CAT  \\$aBATCH-UPD$b00$c20171102$lBLL01$h1525
=CAT  \\$aW1807-0595$c20180717$lBLL01$h1729
=CAT  \\$a7764$b40$c20210208$lBLL01$h0922
=FIN  \\$aY$d20130227
=LKR  \\$aPAR$lBLL01$r776$b003383607$mRavensdale Castle.$nRavensdale Castle.
=DGM  \\$a003383607$bCatBridge variable field
=DRT  \\$aMSD
=SRC  \\$aMSD$bmsdig_000172
=LAS  \\$a7764$b40$c20210208$lBLL01$h0922

