=LDR  02173 aa a22005653  4500
=001  016285857
=003  Uk
=005  20210217085628.0
=007  cr\mn\024mpadp
=007  cr\mn\024mpada
=008  900418||||||||||||\\\\|s\\\\\|||\||eng\\
=FMT  \\$a  BK
=040  \\$aUk$cUk
=100  1\$aSmollett, T.$q(Tobias),$d1721-1771.
=245  14$aThe Shakespeare Head edition of Smollett's novels.$pThe expedition of Humphry Clinker. 1925. 2 vol.$h[electronic resource]
=336  \\$atext$2rdacontent
=337  \\$acomputer$2rdamedia
=338  \\$aonline resource$2rdacarrier
=580  \\$aPart of: The Shakespeare Head edition of Smollett's novels.
=787  0\$w(Uk)MP1.0003655028
=859  \\$aXLD$bMS Digitised
=883  0\$aLanguage codes assigned by Bayesian analysis of words present in record$d20201028$qUk$c0.9010
=985  \\$aUpgraded by BSS-generated file for WR2011-1472
=CAT  \\$aBATCH-MSDN$b00$c20130227$lBLL01$h1541
=CAT  \\$aBATCH-MSDE$b00$c20130227$lBLL01$h1648
=CAT  \\$aBATCH-MSDE$b00$c20130227$lBLL01$h1701
=CAT  \\$aBATCH-MSDE$b00$c20130227$lBLL01$h1705
=CAT  \\$aBATCH-MSDE$b00$c20130227$lBLL01$h1715
=CAT  \\$aBATCH-MSDE$b00$c20130227$lBLL01$h1718
=CAT  \\$aBATCH-MSDE$b00$c20130227$lBLL01$h1720
=CAT  \\$aMSD-SUPP$c20130227$lBLL01$h1832
=CAT  \\$aBATCH-UPD$b00$c20130318$lBLL01$h1050
=CAT  \\$aWR13.117$c20130720$lBLL01$h1920
=CAT  \\$aWR14.046$c20140417$lBLL01$h1724
=CAT  \\$aWR13.144/5$c20140418$lBLL01$h1042
=CAT  \\$a11814$b40$c20140605$lBLL01$h1203
=CAT  \\$aW2011-1472$b00$c20201127$lBLL01$h1833
=CAT  \\$a6490$b40$c20210217$lBLL01$h0856
=FIN  \\$aY$d20130227
=LKR  \\$aPAR$lBLL01$r776$b003426383$mThe Shakespeare Head edition of Smollett's novels.$nThe Shakespeare Head edition of Smollett's novels.
=DGM  \\$a003426383$bCatBridge variable field
=DRT  \\$aMSD
=SRC  \\$aMSD$bmsdig_000178
=SRC  \\$aMSD$bmsdig_000177
=SRC  \\$aMSD$bmsdig_000176
=SRC  \\$aMSD$bmsdig_000175
=SRC  \\$aMSD$bmsdig_000174
=SRC  \\$aMSD$bmsdig_000172
=SRC  \\$aMSD$bmsdig_000173
=LAS  \\$a6490$b40$c20210217$lBLL01$h0856

