=LDR  01710 aa a22004213  4500
=001  016285859
=003  Uk
=005  20210216143625.0
=007  cr\mn\024mpadp
=007  cr\mn\024mpada
=008  900418||||||||||||\\\\|s\\\\\|||\||eng\\
=FMT  \\$a  BK
=040  \\$aUk$cUk
=100  1\$aSmollett, T.$q(Tobias),$d1721-1771.
=245  14$aThe Shakespeare Head edition of Smollett's novels.$pThe adventures of Sir Launcelot Greaves, together with The history & adventures of an atom. 1926. pp. xiii, 503.$h[electronic resource]
=336  \\$atext$2rdacontent
=337  \\$acomputer$2rdamedia
=338  \\$aonline resource$2rdacarrier
=580  \\$aPart of: The Shakespeare Head edition of Smollett's novels.
=787  0\$w(Uk)MP1.0003655028
=859  \\$aXLD$bMS Digitised
=883  0\$aLanguage codes assigned by Bayesian analysis of words present in record$d20201028$qUk$c0.9010
=985  \\$aUpgraded by BSS-generated file for WR2011-1472
=CAT  \\$aBATCH-MSDN$b00$c20130227$lBLL01$h1541
=CAT  \\$aMSD-SUPP$c20130227$lBLL01$h1832
=CAT  \\$aBATCH-UPD$b00$c20130318$lBLL01$h1050
=CAT  \\$aWR13.117$c20130720$lBLL01$h1920
=CAT  \\$aWR14.046$c20140417$lBLL01$h1724
=CAT  \\$aWR13.144/5$c20140418$lBLL01$h1042
=CAT  \\$a11814$b40$c20140605$lBLL01$h1203
=CAT  \\$aW2011-1472$b00$c20201127$lBLL01$h1833
=CAT  \\$a6490$b40$c20210216$lBLL01$h1436
=FIN  \\$aY$d20130227
=LKR  \\$aPAR$lBLL01$r776$b003426387$mThe Shakespeare Head edition of Smollett's novels.$nThe Shakespeare Head edition of Smollett's novels.
=DGM  \\$a003426387$bCatBridge variable field
=DRT  \\$aMSD
=SRC  \\$aMSD$bmsdig_000172
=LAS  \\$a6490$b40$c20210216$lBLL01$h1436

