=LDR  02043 aa a22004813  4500
=001  016285860
=003  Uk
=005  20210217092027.0
=007  cr\mn\024mpadp
=007  cr\mn\024mpada
=008  900426||||||||||||\\\\|s\\\\\|||\||eng\\
=FMT  \\$a  BK
=040  \\$aUk$cUk
=100  1\$aSterne, Laurence,$d1713-1768.
=245  14$aThe works of Laurence Sterne. [With an introduction to each work by Wilbur L. Cross.].$p1-4. The life and opinions of Tristram Shandy, gentleman. 4 vol.$h[electronic resource]
=336  \\$atext$2rdacontent
=337  \\$acomputer$2rdamedia
=338  \\$aonline resource$2rdacarrier
=580  \\$aPart of: The works of Laurence Sterne. [With an introduction to each work by Wilbur L. Cross.]
=700  1\$aCROSS, Wilbur Lucius.
=787  0\$w(Uk)MP1.0003736658
=886  2\$2blmarc$a709$b00$aCROSS$hWilbur Lucius$p012272.e.1.$x0732340098
=859  \\$aXLD$bMS Digitised
=883  0\$aLanguage codes assigned by Bayesian analysis of words present in record$d20201028$qUk$c0.9010
=985  \\$aUpgraded by BSS-generated file for WR2011-1472
=CAT  \\$aBATCH-MSDN$b00$c20130227$lBLL01$h1541
=CAT  \\$aBATCH-MSDE$b00$c20130227$lBLL01$h1648
=CAT  \\$aBATCH-MSDE$b00$c20130227$lBLL01$h1701
=CAT  \\$aMSD-SUPP$c20130227$lBLL01$h1832
=CAT  \\$aBATCH-UPD$b00$c20130318$lBLL01$h1050
=CAT  \\$aWR13.117$c20130720$lBLL01$h1920
=CAT  \\$aWR14.046$c20140417$lBLL01$h1724
=CAT  \\$aWR13.144/5$c20140418$lBLL01$h1042
=CAT  \\$aW2011-1472$b00$c20201127$lBLL01$h1833
=CAT  \\$a6490$b40$c20210217$lBLL01$h0920
=FIN  \\$aY$d20130227
=LKR  \\$aPAR$lBLL01$r776$b003497727$mThe works of Laurence Sterne. [With an introduction to each work by Wilbur L. Cross.].$nThe works of Laurence Sterne. [With an introduction to each work by Wilbur L. Cross.].
=DGM  \\$a003497727$bCatBridge variable field
=DRT  \\$aMSD
=SRC  \\$aMSD$bmsdig_000174
=SRC  \\$aMSD$bmsdig_000172
=SRC  \\$aMSD$bmsdig_000173
=LAS  \\$a6490$b40$c20210217$lBLL01$h0920

