=LDR  01919 am a22005293  4500
=001  016286038
=003  Uk
=005  20210204145219.0
=007  cr\mn\024mpadp
=007  cr\mn\024mpada
=008  871106|1916|||||||\\\\|s\\\\\|||\||eng\\
=FMT  \\$a  BK
=040  \\$aUk$cUk
=100  1\$aBarlow, Jane,$d1856-1917.
=245  10$aBetween Doubting and Daring. Verses.$h[electronic resource]
=264  \1$aOxford :$bB. H. Blackwell,$c1916.
=300  \\$a35 pages ;$c(8º)
=336  \\$atext$2rdacontent
=337  \\$acomputer$2rdamedia
=338  \\$aonline resource$2rdacarrier
=859  \\$aXLD$bMS Digitised
=985  \\$aCorrected by MS generated file for WR# 11/211
=985  \\$aCorrected by MS generated file for WR# 1805-0738
=CAT  \\$aBATCH-MSDN$b00$c20130227$lBLL01$h1541
=CAT  \\$aBATCH-UPD$b00$c20130227$lBLL01$h1542
=CAT  \\$aMSD-SUPP$c20130227$lBLL01$h1832
=CAT  \\$aBATCH-UPD$b00$c20130318$lBLL01$h1050
=CAT  \\$aWR13.117$c20130720$lBLL01$h1920
=CAT  \\$aWR14.046$c20140417$lBLL01$h1724
=CAT  \\$aWR13.144/5$c20140418$lBLL01$h1042
=CAT  \\$aWR11_211$c20141230$lBLL01$h1735
=CAT  \\$aBLSS-CORR$b00$c20141230$lBLL01$h1744
=CAT  \\$aBATCH-DCW$c20160710$lBLL01$h1803
=CAT  \\$aBATCH-DCW$c20170926$lBLL01$h1125
=CAT  \\$aBATCH-DCW$c20170926$lBLL01$h1132
=CAT  \\$a5100$b40$c20171031$lBLL01$h1217
=CAT  \\$aW1807-0595$c20180717$lBLL01$h1729
=CAT  \\$a1805-0738$c20181228$lBLL01$h1832
=CAT  \\$a1805-0738$b00$c20181228$lBLL01$h1917
=CAT  \\$aW2001-2376$c20200626$lBLL01$h1827
=CAT  \\$a7764$b40$c20210204$lBLL01$h1452
=FIN  \\$aY$d20130227
=LKR  \\$aPAR$lBLL01$r776$b000202880$mBetween Doubting and Daring. Verses.$nBetween Doubting and Daring. Verses.
=DGM  \\$a000202880$bCatBridge variable field
=DRT  \\$aMSD
=SRC  \\$aMSD$bmsdig_000172
=LAS  \\$a7764$b40$c20210204$lBLL01$h1452

