=LDR  03152 am a22006733  4500
=001  016286148
=003  Uk
=005  20210204142334.0
=007  cr\mn\024mpadp
=007  cr\mn\024mpada
=008  880106|1928||||xxu\\\\|s\\\\\|||\||eng\\
=FMT  \\$a  BK
=040  \\$aUk$cUk
=100  1\$aBoswell, James,$d1740-1795.
=240  10$aHypochondriack
=245  14$aThe Hypochondriack: being the seventy essays by ... James Boswell, appearing in the London Magazine, from November, 1777, to August, 1783, and here first reprinted. Edited by Margery Bailey. [With plates, including portraits.]$h[electronic resource]
=264  \1$a[Palo Alto] :$bStanford University Press,$c1928.
=300  \\$a2 volumes ;$c(8º)
=336  \\$atext$2rdacontent
=337  \\$acomputer$2rdamedia
=338  \\$aonline resource$2rdacarrier
=700  1\$aBAILEY, Margery.
=886  2\$2blmarc$a709$b00$aBAILEY$hMargery$p012272.dd.1.$x0163590117
=859  \\$aXLD$bMS Digitised
=883  0\$aLanguage codes assigned by Bayesian analysis of words present in record$d20201028$qUk$c0.9010
=985  \\$aCorrected by MS generated file for WR# 11/211
=985  \\$aCorrected by MS generated file for WR# 1805-0738
=985  \\$aEnhanced by MS generated file for WR# 12/139
=985  \\$aUpgraded by BSS-generated file for WR2011-1472
=CAT  \\$aBATCH-MSDN$b00$c20130227$lBLL01$h1541
=CAT  \\$aBATCH-MSDE$b00$c20130227$lBLL01$h1648
=CAT  \\$aBATCH-MSDE$b00$c20130227$lBLL01$h1701
=CAT  \\$aBATCH-MSDE$b00$c20130227$lBLL01$h1705
=CAT  \\$aMSD-SUPP$c20130227$lBLL01$h1832
=CAT  \\$aBATCH-UPD$b00$c20130318$lBLL01$h1050
=CAT  \\$aWR12.139$b00$c20130605$lBLL01$h1808
=CAT  \\$aWR13.117$c20130720$lBLL01$h1920
=CAT  \\$aWR14.046$c20140417$lBLL01$h1724
=CAT  \\$aWR13.144/5$c20140418$lBLL01$h1042
=CAT  \\$aWR11_211$c20141230$lBLL01$h1741
=CAT  \\$aBLSS-CORR$b00$c20141230$lBLL01$h1744
=CAT  \\$aBATCH-UPD$b00$c20160301$lBLL01$h1912
=CAT  \\$aBATCH-DCW$c20160710$lBLL01$h1803
=CAT  \\$aBATCH-DCW$c20170926$lBLL01$h1125
=CAT  \\$aBATCH-DCW$c20170926$lBLL01$h1132
=CAT  \\$a1805-0738$c20181228$lBLL01$h1832
=CAT  \\$a1805-0738$b00$c20181228$lBLL01$h1917
=CAT  \\$aW2001-2376$c20200626$lBLL01$h1827
=CAT  \\$aW2011-1472$b00$c20201127$lBLL01$h1833
=CAT  \\$a7764$b40$c20210204$lBLL01$h1423
=FIN  \\$aY$d20130227
=LKR  \\$aPAR$lBLL01$r776$b000425729$mThe Hypochondriack: being the seventy essays by ... James Boswell, appearing in the London Magazine, from November, 1777, to August, 1783, and here first reprinted. Edited by Margery Bailey. [With plates, including portraits.]$nThe Hypochondriack: being the seventy essays by ... James Boswell, appearing in the London Magazine, from November, 1777, to August, 1783, and here first reprinted. Edited by Margery Bailey. [With plates, including portraits.]
=DGM  \\$a000425729$bCatBridge variable field
=DRT  \\$aMSD
=SRC  \\$aMSD$bmsdig_000172
=SRC  \\$aMSD$bmsdig_000175
=SRC  \\$aMSD$bmsdig_000173
=SRC  \\$aMSD$bmsdig_000174
=LAS  \\$a7764$b40$c20210204$lBLL01$h1423

