=LDR  02115 am a22005533  4500
=001  016286224
=003  Uk
=005  20210204143302.0
=007  cr\mn\024mpadp
=007  cr\mn\024mpada
=008  880121|1923||||enk\\\\|s\\\\\|||\||eng\\
=FMT  \\$a  BK
=040  \\$aUk$cUk
=100  1\$aBROWN, William John,$cM.P.
=245  10$aRe-actions and Recreations. By W. J. Brown and H. Weston Wells. [Poems.]$h[electronic resource]
=264  \1$aLondon :$bVacher & Sons,$c[1923]
=300  \\$a47 pages ;$c(8º)
=336  \\$atext$2rdacontent
=337  \\$acomputer$2rdamedia
=338  \\$aonline resource$2rdacarrier
=700  1\$aWELLS, H. Weston.
=886  2\$2blmarc$a709$b00$aWELLS$hH. Weston$p011649.i.122.$x3475140241
=859  \\$aXLD$bMS Digitised
=985  \\$aUpgraded by BSS-generated file for WR1910-0531
=CAT  \\$aBATCH-MSDN$b00$c20130227$lBLL01$h1541
=CAT  \\$aBATCH-MSDE$b00$c20130227$lBLL01$h1648
=CAT  \\$aMSD-SUPP$c20130227$lBLL01$h1832
=CAT  \\$aBATCH-UPD$b00$c20130318$lBLL01$h1050
=CAT  \\$aWR13.117$c20130720$lBLL01$h1920
=CAT  \\$aWR14.046$c20140417$lBLL01$h1724
=CAT  \\$aWR13.144/5$c20140418$lBLL01$h1042
=CAT  \\$aWR11_211$c20141230$lBLL01$h1735
=CAT  \\$aBLSS-CORR$b00$c20141230$lBLL01$h1744
=CAT  \\$aBATCH-DCW$c20160710$lBLL01$h1803
=CAT  \\$aBATCH-DCW$c20170926$lBLL01$h1125
=CAT  \\$aBATCH-DCW$c20170926$lBLL01$h1132
=CAT  \\$aW1807-0595$c20180717$lBLL01$h1729
=CAT  \\$a1805-0738$c20181228$lBLL01$h1832
=CAT  \\$a1805-0738$b00$c20181228$lBLL01$h1917
=CAT  \\$aW1910-0531$b00$c20191108$lBLL01$h1813
=CAT  \\$aW2001-2376$c20200626$lBLL01$h1827
=CAT  \\$a7764$b40$c20210204$lBLL01$h1433
=FIN  \\$aY$d20130227
=LKR  \\$aPAR$lBLL01$r776$b000496833$mRe-actions and Recreations. By W. J. Brown and H. Weston Wells. [Poems.]$nRe-actions and Recreations. By W. J. Brown and H. Weston Wells. [Poems.]
=DGM  \\$a000496833$bCatBridge variable field
=DRT  \\$aMSD
=SRC  \\$aMSD$bmsdig_000172
=SRC  \\$aMSD$bmsdig_000173
=LAS  \\$a7764$b40$c20210204$lBLL01$h1433

