=LDR  02077 aa a22004813  4500
=001  016286547
=003  Uk
=005  20210210145549.0
=007  cr\mn\024mpadp
=007  cr\mn\024mpada
=008  880725||||||||||||\\\\|s\\\\\|||\||eng\\
=FMT  \\$a  BK
=040  \\$aUk$cUk
=100  1\$aDefoe, Daniel,$d1661?-1731.
=245  14$aThe Shakespeare Head Edition of the Novels and Selected Writings of Daniel Defoe.$pThe Life & Strange Surprizing Adventures of Robinson Crusoe, etc. [With "The Farther Adventures of Robinson Crusoe."] 3 vol. 1927.$h[electronic resource]
=336  \\$atext$2rdacontent
=337  \\$acomputer$2rdamedia
=338  \\$aonline resource$2rdacarrier
=580  \\$aPart of: The Shakespeare Head Edition of the Novels and Selected Writings of Daniel Defoe.
=787  0\$w(Uk)MP1.0000938541
=859  \\$aXLD$bMS Digitised
=883  0\$aLanguage codes assigned by Bayesian analysis of words present in record$d20201028$qUk$c0.9010
=985  \\$aUpgraded by BSS-generated file for WR2011-1472
=CAT  \\$aBATCH-MSDN$b00$c20130227$lBLL01$h1541
=CAT  \\$aBATCH-MSDE$b00$c20130227$lBLL01$h1648
=CAT  \\$aBATCH-MSDE$b00$c20130227$lBLL01$h1701
=CAT  \\$aMSD-SUPP$c20130227$lBLL01$h1832
=CAT  \\$aBATCH-UPD$b00$c20130318$lBLL01$h1050
=CAT  \\$aWR13.117$c20130720$lBLL01$h1920
=CAT  \\$aWR14.046$c20140417$lBLL01$h1724
=CAT  \\$aWR13.144/5$c20140418$lBLL01$h1043
=CAT  \\$aBATCH-UPD$b00$c20160301$lBLL01$h1913
=CAT  \\$aBATCH-DCW$c20160710$lBLL01$h1803
=CAT  \\$aW2011-1472$b00$c20201127$lBLL01$h1833
=CAT  \\$a6490$b40$c20210210$lBLL01$h1455
=FIN  \\$aY$d20130227
=LKR  \\$aPAR$lBLL01$r776$b000891937$mThe Shakespeare Head Edition of the Novels and Selected Writings of Daniel Defoe.$nThe Shakespeare Head Edition of the Novels and Selected Writings of Daniel Defoe.
=DGM  \\$a000891937$bCatBridge variable field
=DRT  \\$aMSD
=SRC  \\$aMSD$bmsdig_000172
=SRC  \\$aMSD$bmsdig_000174
=SRC  \\$aMSD$bmsdig_000173
=LAS  \\$a6490$b40$c20210210$lBLL01$h1455

