=LDR  02823 am a22005653  4500
=001  016286705
=003  Uk
=005  20210208092404.0
=007  cr\mn\024mpadp
=007  cr\mn\024mpada
=008  880705|1910||||enk\\\\|s\\\\||||\||eng\\
=FMT  \\$a  BK
=040  \\$aUk$cUk
=245  10$aEyes of Youth. A book of verse by Padraic Colum, Shane Leslie, Viola Meynell, Ruth Lindsay, Hugh Austin, Judith Lytton, Olivia Meynell, Maurice Healy, Monica Saleeby & Francis Meynell. With four early poems by Francis Thompson, & a foreword by Gilbert K. Chesterton.$h[electronic resource]
=264  \1$aLondon :$bHerbert & Daniel,$c[1910]
=300  \\$ax, 94 pages ;$c(8º)
=336  \\$atext$2rdacontent
=337  \\$acomputer$2rdamedia
=338  \\$aonline resource$2rdacarrier
=700  1\$aChesterton, G. K.$q(Gilbert Keith),$d1874-1936.
=720  \\$aEYES
=886  2\$2blmarc$a709$b00$aCHESTERTON$hGilbert Keith$tWorks edited or with prefaces by G. K. Chesterton$p011650.i.20.$x0603260136
=859  \\$aXLD$bMS Digitised
=985  \\$aUpgraded by BSS-generated file for WR1910-0531
=CAT  \\$aBATCH-MSDN$b00$c20130227$lBLL01$h1541
=CAT  \\$aBATCH-MSDE$b00$c20130227$lBLL01$h1648
=CAT  \\$aMSD-SUPP$c20130227$lBLL01$h1832
=CAT  \\$aBATCH-UPD$b00$c20130318$lBLL01$h1050
=CAT  \\$aWR13.117$c20130720$lBLL01$h1920
=CAT  \\$aWR14.046$c20140417$lBLL01$h1724
=CAT  \\$aWR13.144/5$c20140418$lBLL01$h1043
=CAT  \\$aWR11_211$c20141230$lBLL01$h1735
=CAT  \\$aBLSS-CORR$b00$c20141230$lBLL01$h1744
=CAT  \\$aBATCH-UPD$b00$c20160109$lBLL01$h1757
=CAT  \\$aBATCH-DCW$c20160710$lBLL01$h1803
=CAT  \\$aBATCH-DCW$c20170926$lBLL01$h1125
=CAT  \\$aBATCH-DCW$c20170926$lBLL01$h1132
=CAT  \\$aW1807-0595$c20180717$lBLL01$h1729
=CAT  \\$a1805-0738$c20181228$lBLL01$h1833
=CAT  \\$a1805-0738$b00$c20181228$lBLL01$h1917
=CAT  \\$aW1910-0531$b00$c20191108$lBLL01$h1813
=CAT  \\$aW2001-2376$c20200626$lBLL01$h1828
=CAT  \\$a7764$b40$c20210208$lBLL01$h0924
=FIN  \\$aY$d20130227
=LKR  \\$aPAR$lBLL01$r776$b001185298$mEyes of Youth. A book of verse by Padraic Colum, Shane Leslie, Viola Meynell, Ruth Lindsay, Hugh Austin, Judith Lytton, Olivia Meynell, Maurice Healy, Monica Saleeby & Francis Meynell. With four early poems by Francis Thompson, & a foreword by Gilbert K. Chesterton.$nEyes of Youth. A book of verse by Padraic Colum, Shane Leslie, Viola Meynell, Ruth Lindsay, Hugh Austin, Judith Lytton, Olivia Meynell, Maurice Healy, Monica Saleeby & Francis Meynell. With four early poems by Francis Thompson, & a foreword by Gilbert K. Chesterton.
=DGM  \\$a001185298$bCatBridge variable field
=DRT  \\$aMSD
=SRC  \\$aMSD$bmsdig_000172
=SRC  \\$aMSD$bmsdig_000173
=LAS  \\$a7764$b40$c20210208$lBLL01$h0924

