=LDR  01370 am a22003973  4500
=001  016286759
=003  Uk
=005  20210204142449.0
=007  cr\mn\024mpadp
=007  cr\mn\024mpada
=008  880725|1928|||||||\\\\|s\\\\\|||\||und\\
=FMT  \\$a  BK
=040  \\$aUk$cUk
=100  1\$aFISHER, Herbert Albert Laurens,$cRight Hon.
=245  10$aPaul Vinogradoff, etc.$h[electronic resource]
=336  \\$atext$2rdacontent
=337  \\$acomputer$2rdamedia
=338  \\$aonline resource$2rdacarrier
=580  \\$aIn : Vinogradov (Sir P. G.) The Collected Papers of P. Vinogradoff, etc. 1928. 8º.
=859  \\$aXLD$bMS Digitised
=CAT  \\$aBATCH-MSDN$b00$c20130227$lBLL01$h1541
=CAT  \\$aBATCH-MSDE$b00$c20130227$lBLL01$h1648
=CAT  \\$aMSD-SUPP$c20130227$lBLL01$h1832
=CAT  \\$aBATCH-UPD$b00$c20130318$lBLL01$h1050
=CAT  \\$aWR13.117$c20130720$lBLL01$h1920
=CAT  \\$aWR14.046$c20140417$lBLL01$h1724
=CAT  \\$aWR13.144/5$c20140418$lBLL01$h1043
=CAT  \\$aBATCH-DCW$c20160710$lBLL01$h1803
=CAT  \\$a7764$b40$c20210204$lBLL01$h1424
=FIN  \\$aY$d20130227
=LKR  \\$aPAR$lBLL01$r776$b001243366$mPaul Vinogradoff, etc.$nPaul Vinogradoff, etc.
=DGM  \\$a001243366$bCatBridge variable field
=DRT  \\$aMSD
=SRC  \\$aMSD$bmsdig_000172
=SRC  \\$aMSD$bmsdig_000173
=LAS  \\$a7764$b40$c20210204$lBLL01$h1424

