=LDR  01946 am a22005533  4500
=001  016287295
=003  Uk
=005  20210209161848.0
=007  cr\mn\024mpadp
=007  cr\mn\024mpada
=008  890130|1901|||||||\\\\|s\\\\\|||\||eng\\
=FMT  \\$a  BK
=040  \\$aUk$cUk
=100  1\$aKingsley, Charles,$d1819-1875.
=240  10$aNovels
=245  10$aWestward Ho!, etc.$h[electronic resource]
=260  \\$c[1901]
=300  \\$a434 p.
=336  \\$atext$2rdacontent
=337  \\$acomputer$2rdamedia
=338  \\$aonline resource$2rdacarrier
=580  \\$aIn : Cassell and Company. Cassell's Standard Library. [1901, etc.] 8º.
=859  \\$aXLD$bMS Digitised
=883  0\$aLanguage codes assigned by Bayesian analysis of words present in record$d20201028$qUk$c0.9010
=985  \\$aUpgraded by BSS-generated file for WR2011-1472
=CAT  \\$aBATCH-MSDN$b00$c20130227$lBLL01$h1541
=CAT  \\$aBATCH-MSDE$b00$c20130227$lBLL01$h1648
=CAT  \\$aBATCH-MSDE$b00$c20130227$lBLL01$h1701
=CAT  \\$aBATCH-MSDE$b00$c20130227$lBLL01$h1705
=CAT  \\$aBATCH-MSDE$b00$c20130227$lBLL01$h1715
=CAT  \\$aMSD-SUPP$c20130227$lBLL01$h1832
=CAT  \\$aBATCH-UPD$b00$c20130318$lBLL01$h1050
=CAT  \\$aWR13.117$c20130720$lBLL01$h1921
=CAT  \\$aWR14.046$c20140417$lBLL01$h1725
=CAT  \\$aWR13.144/5$c20140418$lBLL01$h1043
=CAT  \\$aBATCH-UPD$b00$c20160301$lBLL01$h1914
=CAT  \\$aBATCH-DCW$c20160710$lBLL01$h1803
=CAT  \\$aW2011-1472$b00$c20201127$lBLL01$h1833
=CAT  \\$a7764$b40$c20210209$lBLL01$h1618
=FIN  \\$aY$d20130227
=LKR  \\$aPAR$lBLL01$r776$b001970028$mWestward Ho!, etc.$nWestward Ho!, etc.
=DGM  \\$a001970028$bCatBridge variable field
=DRT  \\$aMSD
=SRC  \\$aMSD$bmsdig_000176
=SRC  \\$aMSD$bmsdig_000175
=SRC  \\$aMSD$bmsdig_000172
=SRC  \\$aMSD$bmsdig_000174
=SRC  \\$aMSD$bmsdig_000173
=LAS  \\$a7764$b40$c20210209$lBLL01$h1618

