=LDR  02656 am a22006013  4500
=001  016287296
=003  Uk
=005  20210204145944.0
=007  cr\mn\024mpadp
=007  cr\mn\024mpada
=008  890127|1919||||enk\\\\|s\\\\\|||\||eng\\
=FMT  \\$a  BK
=040  \\$aUk$cUk
=100  1\$aKipling, Rudyard,$d1865-1936.
=240  10$aCollected Poems
=245  10$aRudyard Kipling's Verse. Inclusive edition. 1885-1918.$h[electronic resource]
=264  \1$aLondon :$bHodder & Stoughton,$c1919.
=300  \\$a3 volumes ;$c(8º)
=336  \\$atext$2rdacontent
=337  \\$acomputer$2rdamedia
=338  \\$aonline resource$2rdacarrier
=775  0\$t[Rudyard Kipling's Verse. Inclusive edition. 1885-1918.]$w(Uk)MP1.0002089675.3$dpp. xiv. 783. Doubleday, Page & Co.: Garden City, New York, 1919. 8º.
=775  0\$t[Rudyard Kipling's Verse. Inclusive edition. 1885-1918.]$w(Uk)MP1.0002089675.5$dpp. xiv. 787. Hodder & Stoughton: London, [1921.] 8º.
=775  0\$t[Rudyard Kipling's Verse. Inclusive edition. 1885-1918.]$w(Uk)MP1.0002089675.7$dpp. xiii. 787. Doubleday, Page & Co.: Garden City, New York, 1923. 8º.
=859  \\$aXLD$bMS Digitised
=883  0\$aLanguage codes assigned by Bayesian analysis of words present in record$d20201028$qUk$c0.9010
=985  \\$aCorrected by MS generated file for WR# 1805-0738
=985  \\$aEnhanced by MS generated file for WR# 12/139
=985  \\$aUpgraded by BSS-generated file for WR2011-1472
=CAT  \\$aBATCH-MSDN$b00$c20130227$lBLL01$h1541
=CAT  \\$aBATCH-MSDE$b00$c20130227$lBLL01$h1648
=CAT  \\$aBATCH-MSDE$b00$c20130227$lBLL01$h1701
=CAT  \\$aMSD-SUPP$c20130227$lBLL01$h1832
=CAT  \\$aBATCH-UPD$b00$c20130318$lBLL01$h1050
=CAT  \\$aWR12.139$b00$c20130501$lBLL01$h1844
=CAT  \\$aWR13.117$c20130720$lBLL01$h1921
=CAT  \\$aWR14.046$c20140417$lBLL01$h1725
=CAT  \\$aWR13.144/5$c20140418$lBLL01$h1043
=CAT  \\$aBATCH-UPD$b00$c20150918$lBLL01$h2131
=CAT  \\$aBATCH-DCW$c20160710$lBLL01$h1803
=CAT  \\$a1805-0738$c20181228$lBLL01$h1833
=CAT  \\$a1805-0738$b00$c20181228$lBLL01$h1917
=CAT  \\$aW2001-2376$c20200626$lBLL01$h1828
=CAT  \\$aW2011-1472$b00$c20201127$lBLL01$h1833
=CAT  \\$a7764$b40$c20210204$lBLL01$h1459
=FIN  \\$aY$d20130227
=LKR  \\$aPAR$lBLL01$r776$b001972659$mRudyard Kipling's Verse. Inclusive edition. 1885-1918.$nRudyard Kipling's Verse. Inclusive edition. 1885-1918.
=DGM  \\$a001972659$bCatBridge variable field
=DRT  \\$aMSD
=SRC  \\$aMSD$bmsdig_000172
=SRC  \\$aMSD$bmsdig_000173
=SRC  \\$aMSD$bmsdig_000174
=LAS  \\$a7764$b40$c20210204$lBLL01$h1459

