=LDR  02218 am a22006013  4500
=001  016287301
=003  Uk
=005  20210215150238.0
=007  cr\mn\024mpadp
=007  cr\mn\024mpada
=008  890127||||||||||||\\\\|s\\\\\|||\||eng\\
=FMT  \\$a  BK
=040  \\$aUk$cUk
=100  1\$aKIRK, Naomi J.
=245  10$aMemoir of George Keats.$h[electronic resource]
=336  \\$atext$2rdacontent
=337  \\$acomputer$2rdamedia
=338  \\$aonline resource$2rdacarrier
=580  \\$aIn : Keats (John) The Poetical Works and Other Writings of John Keats, etc. vol. 1. 1938, etc. 8º.
=700  1\$aKEATS, George.
=886  2\$2blmarc$a709$b00$aKEATS$hGeorge$p012274.e.4.$x172025012X
=859  \\$aXLD$bMS Digitised
=883  0\$aLanguage codes assigned by Bayesian analysis of words present in record$d20201028$qUk$c0.9010
=985  \\$aUpgraded by BSS-generated file for WR2011-1472
=CAT  \\$aBATCH-MSDN$b00$c20130227$lBLL01$h1541
=CAT  \\$aBATCH-MSDE$b00$c20130227$lBLL01$h1648
=CAT  \\$aBATCH-MSDE$b00$c20130227$lBLL01$h1701
=CAT  \\$aBATCH-MSDE$b00$c20130227$lBLL01$h1705
=CAT  \\$aBATCH-MSDE$b00$c20130227$lBLL01$h1715
=CAT  \\$aBATCH-MSDE$b00$c20130227$lBLL01$h1718
=CAT  \\$aBATCH-MSDE$b00$c20130227$lBLL01$h1720
=CAT  \\$aBATCH-MSDE$b00$c20130227$lBLL01$h1723
=CAT  \\$aMSD-SUPP$c20130227$lBLL01$h1832
=CAT  \\$aBATCH-UPD$b00$c20130318$lBLL01$h1050
=CAT  \\$aWR13.117$c20130720$lBLL01$h1921
=CAT  \\$aWR14.046$c20140417$lBLL01$h1725
=CAT  \\$aWR13.144/5$c20140418$lBLL01$h1043
=CAT  \\$aBATCH-DCW$c20160710$lBLL01$h1803
=CAT  \\$aW2011-1472$b00$c20201127$lBLL01$h1833
=CAT  \\$a6490$b40$c20210215$lBLL01$h1502
=FIN  \\$aY$d20130227
=LKR  \\$aPAR$lBLL01$r776$b001975417$mMemoir of George Keats.$nMemoir of George Keats.
=DGM  \\$a001975417$bCatBridge variable field
=DRT  \\$aMSD
=SRC  \\$aMSD$bmsdig_000179
=SRC  \\$aMSD$bmsdig_000178
=SRC  \\$aMSD$bmsdig_000177
=SRC  \\$aMSD$bmsdig_000176
=SRC  \\$aMSD$bmsdig_000175
=SRC  \\$aMSD$bmsdig_000172
=SRC  \\$aMSD$bmsdig_000174
=SRC  \\$aMSD$bmsdig_000173
=LAS  \\$a6490$b40$c20210215$lBLL01$h1502

