=LDR  02432 am a22006133  4500
=001  016287320
=003  Uk
=005  20210204143444.0
=007  cr\mn\024mpadp
=007  cr\mn\024mpada
=008  890310|1923||||enk\\\\|s\\\\\|||\||eng\\
=FMT  \\$a  BK
=040  \\$aUk$cUk
=100  1\$aLang, Andrew,$d1844-1912.
=240  10$aCollections
=245  14$aThe Poetical Works of Andrew Lang. Edited by Mrs. Lang ... With portrait[s].$h[electronic resource]
=264  \1$aLondon :$bLongmans & Co,$c1923.
=300  \\$a4 volumes ;$c(8º)
=336  \\$atext$2rdacontent
=337  \\$acomputer$2rdamedia
=338  \\$aonline resource$2rdacarrier
=500  \\$aThe thin paper issue.
=700  1\$aLANG, Leonora Blanche.
=886  2\$2blmarc$a709$b00$aLANG$hLeonora Blanche$p011645.ee.47.$x1834290155
=859  \\$aXLD$bMS Digitised
=883  0\$aLanguage codes assigned by Bayesian analysis of words present in record$d20201028$qUk$c0.9010
=985  \\$aUpgraded by BSS-generated file for WR1910-0531
=985  \\$aUpgraded by BSS-generated file for WR2011-1472
=CAT  \\$aBATCH-MSDN$b00$c20130227$lBLL01$h1541
=CAT  \\$aBATCH-MSDE$b00$c20130227$lBLL01$h1648
=CAT  \\$aMSD-SUPP$c20130227$lBLL01$h1832
=CAT  \\$aBATCH-UPD$b00$c20130318$lBLL01$h1050
=CAT  \\$aWR13.117$c20130720$lBLL01$h1921
=CAT  \\$aWR14.046$c20140417$lBLL01$h1725
=CAT  \\$aWR13.144/5$c20140418$lBLL01$h1043
=CAT  \\$aWR11_211$c20141230$lBLL01$h1735
=CAT  \\$aBLSS-CORR$b00$c20141230$lBLL01$h1744
=CAT  \\$aBATCH-UPD$b00$c20160301$lBLL01$h1915
=CAT  \\$aBATCH-DCW$c20160710$lBLL01$h1803
=CAT  \\$aBATCH-DCW$c20170926$lBLL01$h1125
=CAT  \\$aBATCH-DCW$c20170926$lBLL01$h1132
=CAT  \\$a1805-0738$c20181228$lBLL01$h1833
=CAT  \\$a1805-0738$b00$c20181228$lBLL01$h1917
=CAT  \\$aW1910-0531$b00$c20191108$lBLL01$h1813
=CAT  \\$aW2001-2376$c20200626$lBLL01$h1828
=CAT  \\$aW2011-1472$b00$c20201127$lBLL01$h1833
=CAT  \\$a7764$b40$c20210204$lBLL01$h1434
=FIN  \\$aY$d20130227
=LKR  \\$aPAR$lBLL01$r776$b002068366$mThe Poetical Works of Andrew Lang. Edited by Mrs. Lang ... With portrait[s].$nThe Poetical Works of Andrew Lang. Edited by Mrs. Lang ... With portrait[s].
=DGM  \\$a002068366$bCatBridge variable field
=DRT  \\$aMSD
=SRC  \\$aMSD$bmsdig_000172
=SRC  \\$aMSD$bmsdig_000173
=LAS  \\$a7764$b40$c20210204$lBLL01$h1434

