=LDR  02246 am a22005773  4500
=001  016287389
=003  Uk
=005  20210208143731.0
=007  cr\mn\024mpadp
=007  cr\mn\024mpada
=008  890405|1909||||enk\\\\|s\\\\\|||\||eng\\
=FMT  \\$a  BK
=040  \\$aUk$cUk
=110  20$aPoets' Club (London, England)
=245  14$aThe Book (The Second Book, The Third Book) of the Poets' Club, etc.$h[electronic resource]
=264  \1$aLondon,$c1909-13.
=300  \\$a3 volumes ;$c(8º)
=336  \\$atext$2rdacontent
=337  \\$acomputer$2rdamedia
=338  \\$aonline resource$2rdacarrier
=859  \\$aXLD$bMS Digitised
=883  0\$aLanguage codes assigned by Bayesian analysis of words present in record$d20201028$qUk$c0.9010
=985  \\$aUpgraded by BSS-generated file for WR1910-0531
=985  \\$aUpgraded by BSS-generated file for WR2011-1472
=CAT  \\$aBATCH-MSDN$b00$c20130227$lBLL01$h1541
=CAT  \\$aBATCH-MSDE$b00$c20130227$lBLL01$h1648
=CAT  \\$aBATCH-MSDE$b00$c20130227$lBLL01$h1701
=CAT  \\$aMSD-SUPP$c20130227$lBLL01$h1832
=CAT  \\$aBATCH-UPD$b00$c20130318$lBLL01$h1050
=CAT  \\$aWR13.117$c20130720$lBLL01$h1921
=CAT  \\$aWR14.046$c20140417$lBLL01$h1725
=CAT  \\$aWR13.144/5$c20140418$lBLL01$h1043
=CAT  \\$aWR11_211$c20140826$lBLL01$h1739
=CAT  \\$aBLSS-CORR$b00$c20140826$lBLL01$h1804
=CAT  \\$aBATCH-DCW$c20160710$lBLL01$h1803
=CAT  \\$a1805-0738$c20181228$lBLL01$h1833
=CAT  \\$a1805-0738$b00$c20181228$lBLL01$h1917
=CAT  \\$aW1910-0531$b00$c20191108$lBLL01$h1813
=CAT  \\$a8964$b40$c20200212$lBLL01$h1521
=CAT  \\$aBATCH-UPD$b40$c20200212$lBLL01$h1521
=CAT  \\$aW2001-2376$c20200626$lBLL01$h1828
=CAT  \\$aW2011-1472$b00$c20201127$lBLL01$h1833
=CAT  \\$a7764$b40$c20210208$lBLL01$h1437
=FIN  \\$aY$d20130227
=LKR  \\$aPAR$lBLL01$r776$b002239720$mThe Book (The Second Book, The Third Book) of the Poets' Club, etc.$nThe Book (The Second Book, The Third Book) of the Poets' Club, etc.
=DGM  \\$a002239720$bCatBridge variable field
=DRT  \\$aMSD
=SRC  \\$aMSD$bmsdig_000172
=SRC  \\$aMSD$bmsdig_000174
=SRC  \\$aMSD$bmsdig_000173
=LAS  \\$a7764$b40$c20210208$lBLL01$h1437

