=LDR  02134 am a22005413  4500
=001  016287607
=003  Uk
=005  20210204154245.0
=007  cr\mn\024mpadp
=007  cr\mn\024mpada
=008  890614|1912||||enk\\\\|s\\\\\|||\||eng\\
=FMT  \\$a  BK
=040  \\$aUk$cUk
=100  1\$aMiddleton, Richard,$d1882-1911.
=245  10$aPoems & Songs ... With an introduction by Henry Savage.$h[electronic resource]
=264  \1$aLondon :$bT. Fisher Unwin,$c1912.
=300  \\$a2 ser ;$c(8º)
=336  \\$atext$2rdacontent
=337  \\$acomputer$2rdamedia
=338  \\$aonline resource$2rdacarrier
=700  1\$aSAVAGE, Henry,$cWriter of Verse.
=886  2\$2blmarc$a709$b00$aSAVAGE$hHenry$fWriter of Verse$p011650.h.89.$x2910130304
=859  \\$aXLD$bMS Digitised
=883  0\$aLanguage codes assigned by Bayesian analysis of words present in record$d20201028$qUk$c0.9010
=985  \\$aCorrected by MS generated file for WR# 1805-0738
=985  \\$aEnhanced by MS generated file for WR# 12/139
=985  \\$aUpgraded by BSS-generated file for WR2011-1472
=CAT  \\$aBATCH-MSDN$b00$c20130227$lBLL01$h1542
=CAT  \\$aBATCH-MSDE$b00$c20130227$lBLL01$h1648
=CAT  \\$aMSD-SUPP$c20130227$lBLL01$h1832
=CAT  \\$aBATCH-UPD$b00$c20130318$lBLL01$h1050
=CAT  \\$aWR12.139$b00$c20130708$lBLL01$h1810
=CAT  \\$aWR13.117$c20130720$lBLL01$h1921
=CAT  \\$aWR14.046$c20140417$lBLL01$h1725
=CAT  \\$aWR13.144/5$c20140418$lBLL01$h1043
=CAT  \\$aBATCH-DCW$c20160710$lBLL01$h1803
=CAT  \\$a1805-0738$c20181228$lBLL01$h1833
=CAT  \\$a1805-0738$b00$c20181228$lBLL01$h1917
=CAT  \\$aW2001-2376$c20200626$lBLL01$h1828
=CAT  \\$aW2011-1472$b00$c20201127$lBLL01$h1833
=CAT  \\$a7764$b40$c20210204$lBLL01$h1542
=FIN  \\$aY$d20130227
=LKR  \\$aPAR$lBLL01$r776$b002486272$mPoems & Songs ... With an introduction by Henry Savage.$nPoems & Songs ... With an introduction by Henry Savage.
=DGM  \\$a002486272$bCatBridge variable field
=DRT  \\$aMSD
=SRC  \\$aMSD$bmsdig_000172
=SRC  \\$aMSD$bmsdig_000173
=LAS  \\$a7764$b40$c20210204$lBLL01$h1542

