=LDR  02152 am a22004933  4500
=001  016287872
=003  Uk
=005  20210205101603.0
=007  cr\mn\024mpadp
=007  cr\mn\024mpada
=008  890908|1812||||enk\\\\|s\\\\\|||\||eng\\
=FMT  \\$a  BK
=040  \\$aUk$cUk
=110  2\$aUniversity of Oxford.
=240  10$aAppendix
=245  10$aOxoniana, a didactic poem, in several letters on the late improved mode of study, and examination for degrees in the University of Oxford. By a Cambridge Master of Arts.$h[electronic resource]
=264  \1$aLondon,$c1812.
=300  \\$c(8º)
=336  \\$atext$2rdacontent
=337  \\$acomputer$2rdamedia
=338  \\$aonline resource$2rdacarrier
=340  \\$m8vo$2rdabf
=859  \\$aXLD$bMS Digitised
=883  0\$aLanguage codes assigned by Bayesian analysis of words present in record$d20201028$qUk$c0.9010
=985  \\$aUpgraded by BSS-generated file for WR1910-0531
=985  \\$aUpgraded by BSS-generated file for WR2011-1472
=CAT  \\$aBATCH-MSDN$b00$c20130227$lBLL01$h1542
=CAT  \\$aMSD-SUPP$c20130227$lBLL01$h1832
=CAT  \\$aBATCH-UPD$b00$c20130318$lBLL01$h1050
=CAT  \\$aWR13.117$c20130720$lBLL01$h1921
=CAT  \\$aWR14.046$c20140417$lBLL01$h1725
=CAT  \\$aWR13.144/5$c20140418$lBLL01$h1043
=CAT  \\$aBATCH-DCW$c20160710$lBLL01$h1803
=CAT  \\$a1805-0738$c20181228$lBLL01$h1833
=CAT  \\$a1805-0738$b00$c20181228$lBLL01$h1917
=CAT  \\$aW1910-0531$b00$c20191108$lBLL01$h1813
=CAT  \\$aW2011-1472$b00$c20201127$lBLL01$h1833
=CAT  \\$a6490$b40$c20210205$lBLL01$h1016
=FIN  \\$aY$d20130227
=LKR  \\$aPAR$lBLL01$r776$b002740194$mOxoniana, a didactic poem, in several letters on the late improved mode of study, and examination for degrees in the University of Oxford. By a Cambridge Master of Arts.$nOxoniana, a didactic poem, in several letters on the late improved mode of study, and examination for degrees in the University of Oxford. By a Cambridge Master of Arts.
=DGM  \\$a002740194$bCatBridge variable field
=DRT  \\$aMSD
=SRC  \\$aMSD$bmsdig_000172
=LAS  \\$a6490$b40$c20210205$lBLL01$h1016

