=LDR  01688 am a22004453  4500
=001  016288077
=003  Uk
=005  20210204153652.0
=007  cr\mn\024mpadp
=007  cr\mn\024mpada
=008  900109s1915\\\\ii\\\\\\s\\\\\000\p\eng\\
=FMT  \\$a  BK
=040  \\$aUk$cUk
=100  10$aDatta, Roby,$d1883-1917.
=245  10$aStories in blank verse$h[electronic resource] :$bto which is added an epic fragment /$cby Roby Datta.
=260  \\$aCalcutta :$bDas Gupta,$c1915.
=300  \\$a84, viii p. :$bport. ;$c19 cm.
=336  \\$atext$2rdacontent
=337  \\$acomputer$2rdamedia
=338  \\$aonline resource$2rdacarrier
=505  0\$aStories in blank verse. The heroic maid -- The exile of Sita -- The story of Mahasveta -- The story of Pundarik -- The spirit of Valmiki. An epic fragment. The Ceylaniad.
=859  \\$aXLD$bMS Digitised
=CAT  \\$aBATCH-MSDN$b00$c20130227$lBLL01$h1542
=CAT  \\$aBATCH-MSDE$b00$c20130227$lBLL01$h1648
=CAT  \\$aMSD-SUPP$c20130227$lBLL01$h1832
=CAT  \\$aBATCH-UPD$b00$c20130318$lBLL01$h1050
=CAT  \\$aWR13.117$c20130720$lBLL01$h1921
=CAT  \\$aWR14.046$c20140417$lBLL01$h1725
=CAT  \\$aWR13.144/5$c20140418$lBLL01$h1043
=CAT  \\$a8874$b40$c20140714$lBLL01$h1533
=CAT  \\$aBATCH-UPD$b40$c20160301$lBLL01$h1916
=CAT  \\$aBATCH-DCW$c20160710$lBLL01$h1803
=CAT  \\$a7764$b40$c20210204$lBLL01$h1536
=FIN  \\$aY$d20130227
=LKR  \\$aPAR$lBLL01$r776$b003047266$mStories in Blank Verse$nStories in Blank Verse
=DGM  \\$a003047266$bCatBridge variable field
=DRT  \\$aMSD
=SRC  \\$aMSD$bmsdig_000172
=SRC  \\$aMSD$bmsdig_000173
=LAS  \\$a7764$b40$c20210204$lBLL01$h1536

