=LDR  02282 am a22005533  4500
=001  016288227
=003  Uk
=005  20210204144424.0
=007  cr\mn\024mpadp
=007  cr\mn\024mpada
=008  900209|1920||||enk\\\\|s\\\\\|||\||eng\\
=FMT  \\$a  BK
=040  \\$aUk$cUk
=100  1\$aRUSSELL, Charles,$cPrincipal of Patna College.
=245  10$aSonnets, Poems, and Translations ... With eight introductory sonnets and a memoir by John Alexander Chapman.$h[electronic resource]
=264  \1$aLondon; Calcutta printed :$bW. Thacker & Co,$c1920.
=300  \\$axxxii, 88 pages ;$c(8º)
=336  \\$atext$2rdacontent
=337  \\$acomputer$2rdamedia
=338  \\$aonline resource$2rdacarrier
=700  1\$aCHAPMAN, John Alexander.
=886  2\$2blmarc$a709$b00$aCHAPMAN$hJohn Alexander$p011650.k.62.$x0584010192
=859  \\$aXLD$bMS Digitised
=985  \\$aUpgraded by BSS-generated file for WR1910-0531
=CAT  \\$aBATCH-MSDN$b00$c20130227$lBLL01$h1542
=CAT  \\$aBATCH-MSDE$b00$c20130227$lBLL01$h1648
=CAT  \\$aMSD-SUPP$c20130227$lBLL01$h1832
=CAT  \\$aBATCH-UPD$b00$c20130318$lBLL01$h1050
=CAT  \\$aWR13.117$c20130720$lBLL01$h1921
=CAT  \\$aWR14.046$c20140417$lBLL01$h1725
=CAT  \\$aWR13.144/5$c20140418$lBLL01$h1043
=CAT  \\$aWR11_211$c20141230$lBLL01$h1735
=CAT  \\$aBLSS-CORR$b00$c20141230$lBLL01$h1744
=CAT  \\$aBATCH-DCW$c20160710$lBLL01$h1803
=CAT  \\$aBATCH-DCW$c20170926$lBLL01$h1125
=CAT  \\$aBATCH-DCW$c20170926$lBLL01$h1132
=CAT  \\$aW1807-0595$c20180717$lBLL01$h1730
=CAT  \\$a1805-0738$c20181228$lBLL01$h1833
=CAT  \\$a1805-0738$b00$c20181228$lBLL01$h1917
=CAT  \\$aW1910-0531$b00$c20191108$lBLL01$h1813
=CAT  \\$aW2001-2376$c20200626$lBLL01$h1828
=CAT  \\$a7764$b40$c20210204$lBLL01$h1444
=FIN  \\$aY$d20130227
=LKR  \\$aPAR$lBLL01$r776$b003192746$mSonnets, Poems, and Translations ... With eight introductory sonnets and a memoir by John Alexander Chapman.$nSonnets, Poems, and Translations ... With eight introductory sonnets and a memoir by John Alexander Chapman.
=DGM  \\$a003192746$bCatBridge variable field
=DRT  \\$aMSD
=SRC  \\$aMSD$bmsdig_000172
=SRC  \\$aMSD$bmsdig_000173
=LAS  \\$a7764$b40$c20210204$lBLL01$h1444

