=LDR  02028 am a22005293  4500
=001  016288389
=003  Uk
=005  20210204143834.0
=007  cr\mn\024mpadp
=007  cr\mn\024mpada
=008  970926|1923|||||||\\\\|s\\\\\|||\||lat\\
=FMT  \\$a  BK
=040  \\$aUk$cUk
=041  \\$alat$aeng
=100  1\$aSidney, Philip,$d1554-1586.
=240  10$aLetters
=245  10$a[114 letters, in Latin or English. Edited by Albert Feuillerat.]$h[electronic resource]
=336  \\$atext$2rdacontent
=337  \\$acomputer$2rdamedia
=338  \\$aonline resource$2rdacarrier
=490  00$a(Cambridge English classics.)
=580  \\$aIn: supra: The complete works of Sir Philip Sidney. vol. 3. pp. 75-183. 1923. 20 cm.
=859  \\$aXLD$bMS Digitised
=883  0\$aLanguage codes assigned by Bayesian analysis of words present in record$d20201028$qUk$c0.9010
=985  \\$aUpgraded by BSS-generated file for WR2011-1472
=CAT  \\$aBATCH-MSDN$b00$c20130227$lBLL01$h1542
=CAT  \\$aBATCH-MSDE$b00$c20130227$lBLL01$h1648
=CAT  \\$aBATCH-MSDE$b00$c20130227$lBLL01$h1701
=CAT  \\$aBATCH-MSDE$b00$c20130227$lBLL01$h1705
=CAT  \\$aMSD-SUPP$c20130227$lBLL01$h1833
=CAT  \\$aBATCH-UPD$b00$c20130318$lBLL01$h1051
=CAT  \\$aWR13.117$c20130720$lBLL01$h1921
=CAT  \\$aWR14.046$c20140417$lBLL01$h1725
=CAT  \\$aWR13.144/5$c20140418$lBLL01$h1043
=CAT  \\$a11814$b40$c20160222$lBLL01$h1536
=CAT  \\$aBATCH-DCW$c20160710$lBLL01$h1803
=CAT  \\$aW2011-1472$b00$c20201127$lBLL01$h1833
=CAT  \\$a7764$b40$c20210204$lBLL01$h1438
=FIN  \\$aY$d20130227
=LKR  \\$aPAR$lBLL01$r776$b003378302$m[114 letters, in Latin or English. Edited by Albert Feuillerat.]$n[114 letters, in Latin or English. Edited by Albert Feuillerat.]
=DGM  \\$a003378302$bCatBridge variable field
=DRT  \\$aMSD
=SRC  \\$aMSD$bmsdig_000175
=SRC  \\$aMSD$bmsdig_000174
=SRC  \\$aMSD$bmsdig_000172
=SRC  \\$aMSD$bmsdig_000173
=LAS  \\$a7764$b40$c20210204$lBLL01$h1438

