=LDR  01644 am a22004933  4500
=001  016288441
=003  Uk
=005  20210208143851.0
=007  cr\mn\024mpadp
=007  cr\mn\024mpada
=008  900411|1909|||||||\\\\|s\\\\\|||\||und\\
=FMT  \\$a  BK
=040  \\$aUk$cUk
=100  1\$aSMITH, D.,$cWriter of Songs.
=245  10$a[Songs.]$h[electronic resource]
=264  \1$c[1909, etc.]
=300  \\$c(8º)
=336  \\$atext$2rdacontent
=337  \\$acomputer$2rdamedia
=338  \\$aonline resource$2rdacarrier
=859  \\$aXLD$bMS Digitised
=985  \\$aCorrected by MS generated file for WR# 11/211
=985  \\$aCorrected by MS generated file for WR# 1805-0738
=CAT  \\$aBATCH-MSDN$b00$c20130227$lBLL01$h1542
=CAT  \\$aBATCH-MSDE$b00$c20130227$lBLL01$h1648
=CAT  \\$aMSD-SUPP$c20130227$lBLL01$h1833
=CAT  \\$aBATCH-UPD$b00$c20130318$lBLL01$h1051
=CAT  \\$aWR13.117$c20130720$lBLL01$h1921
=CAT  \\$aWR14.046$c20140417$lBLL01$h1725
=CAT  \\$aWR13.144/5$c20140418$lBLL01$h1043
=CAT  \\$aWR11_211$c20140729$lBLL01$h1827
=CAT  \\$aBLSS-CORR$b00$c20140729$lBLL01$h1850
=CAT  \\$aBATCH-DCW$c20160710$lBLL01$h1803
=CAT  \\$a1805-0738$c20181228$lBLL01$h1833
=CAT  \\$a1805-0738$b00$c20181228$lBLL01$h1917
=CAT  \\$aW2001-2376$c20200626$lBLL01$h1828
=CAT  \\$a7764$b40$c20210208$lBLL01$h1438
=FIN  \\$aY$d20130227
=LKR  \\$aPAR$lBLL01$r776$b003414694$m[Songs.]$n[Songs.]
=DGM  \\$a003414694$bCatBridge variable field
=DRT  \\$aMSD
=SRC  \\$aMSD$bmsdig_000172
=SRC  \\$aMSD$bmsdig_000173
=LAS  \\$a7764$b40$c20210208$lBLL01$h1438

