=LDR  01779 aa a22004573  4500
=001  016288874
=003  Uk
=005  20210217093753.0
=007  cr\mn\024mpadp
=007  cr\mn\024mpada
=008  900806||||||||||||\\\\|s\\\\\|||\||eng\\
=FMT  \\$a  BK
=040  \\$aUk$cUk
=100  1\$aWells, H. G.$q(Herbert George),$d1866-1946.
=245  14$aThe Works of H. G. Wells. Atlantic edition.$pvol. 11. The Undying Fire, and philosophical and theological speculations.$h[electronic resource]
=336  \\$atext$2rdacontent
=337  \\$acomputer$2rdamedia
=338  \\$aonline resource$2rdacarrier
=580  \\$aPart of: The Works of H. G. Wells. Atlantic edition.
=787  0\$w(Uk)MP1.0004159314
=859  \\$aXLD$bMS Digitised
=883  0\$aLanguage codes assigned by Bayesian analysis of words present in record$d20201028$qUk$c0.9010
=985  \\$aUpgraded by BSS-generated file for WR2011-1472
=CAT  \\$aBATCH-MSDN$b00$c20130227$lBLL01$h1648
=CAT  \\$aBATCH-MSDE$b00$c20130227$lBLL01$h1701
=CAT  \\$aBATCH-MSDE$b00$c20130227$lBLL01$h1705
=CAT  \\$aMSD-SUPP$c20130227$lBLL01$h1833
=CAT  \\$aBATCH-UPD$b00$c20130318$lBLL01$h1051
=CAT  \\$aWR13.117$c20130720$lBLL01$h1921
=CAT  \\$aWR14.046$c20140417$lBLL01$h1725
=CAT  \\$aWR13.144/5$c20140418$lBLL01$h1043
=CAT  \\$aW2011-1472$b00$c20201127$lBLL01$h1833
=CAT  \\$a6490$b40$c20210217$lBLL01$h0937
=FIN  \\$aY$d20130227
=LKR  \\$aPAR$lBLL01$r776$b003885747$mThe Works of H. G. Wells. Atlantic edition.$nThe Works of H. G. Wells. Atlantic edition.
=DGM  \\$a003885747$bCatBridge variable field
=DRT  \\$aMSD
=SRC  \\$aMSD$bmsdig_000175
=SRC  \\$aMSD$bmsdig_000173
=SRC  \\$aMSD$bmsdig_000174
=LAS  \\$a6490$b40$c20210217$lBLL01$h0937

