=LDR  01303 am a22003733  4500
=001  016288878
=003  Uk
=005  20210204114105.0
=007  cr\mn\024mpadp
=007  cr\mn\024mpada
=008  900912|1945|||||||\\\\|s\\\\\|||\||eng\\
=FMT  \\$a  BK
=040  \\$aUk$cUk
=100  1\$aWilliams, Charles,$d1886-1945.
=245  10$aOn the Poetry of The Duchess of Malfi.$h[electronic resource]
=336  \\$atext$2rdacontent
=337  \\$acomputer$2rdamedia
=338  \\$aonline resource$2rdacarrier
=580  \\$aIn : Webster (John) Dramatist. The Duchess of Malfi, etc. 1945. 8º.
=859  \\$aXLD$bMS Digitised
=CAT  \\$aBATCH-MSDN$b00$c20130227$lBLL01$h1648
=CAT  \\$aMSD-SUPP$c20130227$lBLL01$h1833
=CAT  \\$aBATCH-UPD$b00$c20130318$lBLL01$h1051
=CAT  \\$aWR13.117$c20130720$lBLL01$h1921
=CAT  \\$aWR14.046$c20140417$lBLL01$h1725
=CAT  \\$aWR13.144/5$c20140418$lBLL01$h1043
=CAT  \\$aW1807-0595$c20180717$lBLL01$h1730
=CAT  \\$a7764$b40$c20210204$lBLL01$h1141
=FIN  \\$aY$d20130227
=LKR  \\$aPAR$lBLL01$r776$b003931598$mOn the Poetry of The Duchess of Malfi.$nOn the Poetry of The Duchess of Malfi.
=DGM  \\$a003931598$bCatBridge variable field
=DRT  \\$aMSD
=SRC  \\$aMSD$bmsdig_000173
=LAS  \\$a7764$b40$c20210204$lBLL01$h1141

