=LDR  02133 am a22005173  4500
=001  016288879
=003  Uk
=005  20210215152243.0
=007  cr\mn\024mpadp
=007  cr\mn\024mpada
=008  930929||||||||||||\\\\|s\\\\\|||\||eng\\
=FMT  \\$a  BK
=040  \\$aUK$cUk
=100  1\$aLang, Andrew,$d1844-1912.
=240  10$aWorks edited or with introductions or contributions by Andrew Lang
=245  14$aThe posthumous papers of the Pickwick Club ... With an introduction by Andrew Lang.$h[electronic resource]
=336  \\$atext$2rdacontent
=337  \\$acomputer$2rdamedia
=338  \\$aonline resource$2rdacarrier
=580  \\$aIn: Dickens (Charles). [Works.] The Waverley Edition of the Works of Charles Dickens. [1913, etc.] 8º.
=859  \\$aXLD$bMS Digitised
=883  0\$aLanguage codes assigned by Bayesian analysis of words present in record$d20201028$qUk$c0.9010
=985  \\$aUpgraded by BSS-generated file for WR2011-1472
=CAT  \\$aBATCH-MSDN$b00$c20130227$lBLL01$h1648
=CAT  \\$aBATCH-MSDE$b00$c20130227$lBLL01$h1701
=CAT  \\$aBATCH-MSDE$b00$c20130227$lBLL01$h1705
=CAT  \\$aBATCH-MSDE$b00$c20130227$lBLL01$h1715
=CAT  \\$aBATCH-MSDE$b00$c20130227$lBLL01$h1718
=CAT  \\$aMSD-SUPP$c20130227$lBLL01$h1833
=CAT  \\$aBATCH-UPD$b00$c20130318$lBLL01$h1051
=CAT  \\$aWR13.117$c20130720$lBLL01$h1921
=CAT  \\$aWR14.046$c20140417$lBLL01$h1725
=CAT  \\$aWR13.144/5$c20140418$lBLL01$h1043
=CAT  \\$aBATCH-UPD$b00$c20151012$lBLL01$h0741
=CAT  \\$aW2011-1472$b00$c20201127$lBLL01$h1833
=CAT  \\$a6490$b40$c20210215$lBLL01$h1522
=FIN  \\$aY$d20130227
=LKR  \\$aPAR$lBLL01$r776$b004111749$mThe posthumous papers of the Pickwick Club ... With an introduction by Andrew Lang.$nThe posthumous papers of the Pickwick Club ... With an introduction by Andrew Lang.
=DGM  \\$a004111749$bCatBridge variable field
=DRT  \\$aMSD
=SRC  \\$aMSD$bmsdig_000177
=SRC  \\$aMSD$bmsdig_000176
=SRC  \\$aMSD$bmsdig_000175
=SRC  \\$aMSD$bmsdig_000173
=SRC  \\$aMSD$bmsdig_000174
=LAS  \\$a6490$b40$c20210215$lBLL01$h1522

