=LDR  02181 am a22005773  4500
=001  016288880
=003  Uk
=005  20210216142659.0
=007  cr\mn\024mpadp
=007  cr\mn\024mpada
=008  970120||||||||||||\\\\|s\\\\\|||\||eng\\
=FMT  \\$a  BK
=019  x\$a5000030621
=040  \\$aUK$cUk
=100  1\$aRidge, W. Pett$q(William Pett),$d-1930.
=245  14$aThe Uncommercial Traveller ... With an introduction by W. Pett Ridge.$h[electronic resource]
=336  \\$atext$2rdacontent
=337  \\$acomputer$2rdamedia
=338  \\$aonline resource$2rdacarrier
=580  \\$aIn: Dickens (Charles). [Works.] The Waverley Edition of the Works of Charles Dickens. [1913, etc.] 8º.
=859  \\$aXLD$bMS Digitised
=985  \\$aRecord amended for WR# 13/070
=CAT  \\$aBATCH-MSDN$b00$c20130227$lBLL01$h1648
=CAT  \\$aBATCH-MSDE$b00$c20130227$lBLL01$h1701
=CAT  \\$aBATCH-MSDE$b00$c20130227$lBLL01$h1705
=CAT  \\$aBATCH-MSDE$b00$c20130227$lBLL01$h1715
=CAT  \\$aBATCH-MSDE$b00$c20130227$lBLL01$h1718
=CAT  \\$aBATCH-MSDE$b00$c20130227$lBLL01$h1720
=CAT  \\$aBATCH-MSDE$b00$c20130227$lBLL01$h1723
=CAT  \\$aBATCH-MSDE$b00$c20130227$lBLL01$h1725
=CAT  \\$aMSD-SUPP$c20130227$lBLL01$h1833
=CAT  \\$aBATCH-UPD$b00$c20130318$lBLL01$h1051
=CAT  \\$aWR13_070$b00$c20130504$lBLL01$h0341
=CAT  \\$aWR13.117$c20130720$lBLL01$h1921
=CAT  \\$aWR14.046$c20140417$lBLL01$h1725
=CAT  \\$aWR13.144/5$c20140418$lBLL01$h1043
=CAT  \\$aW1807-0595$c20180717$lBLL01$h1730
=CAT  \\$a6490$b40$c20210216$lBLL01$h1426
=FIN  \\$aY$d20130227
=LKR  \\$aPAR$lBLL01$r776$b004114453$mThe Uncommercial Traveller ... With an introduction by W. Pett Ridge.$nThe Uncommercial Traveller ... With an introduction by W. Pett Ridge.
=DGM  \\$a004114453$bCatBridge variable field
=DRT  \\$aMSD
=SRC  \\$aMSD$bmsdig_000180
=SRC  \\$aMSD$bmsdig_000179
=SRC  \\$aMSD$bmsdig_000178
=SRC  \\$aMSD$bmsdig_000177
=SRC  \\$aMSD$bmsdig_000176
=SRC  \\$aMSD$bmsdig_000175
=SRC  \\$aMSD$bmsdig_000173
=SRC  \\$aMSD$bmsdig_000174
=LAS  \\$a6490$b40$c20210216$lBLL01$h1426

