=LDR  01692 am a22004933  4500
=001  016288885
=003  Uk
=005  20210209161054.0
=007  cr\mn\024mpadp
=007  cr\mn\024mpada
=008  900809|1902|||||||\\\\|s\\\\\|||\||eng\\
=FMT  \\$a  BK
=040  \\$aUk$cUk
=100  1\$aWATSON, William,$cSir,$cPoet.
=245  10$aNew poems.$h[electronic resource]
=260  \\$aGreenfield, Mass. ;$aLondon :$bJohn Lane,$c1902.
=300  \\$aPages not numbered ;$c17 cm.
=336  \\$atext$2rdacontent
=337  \\$acomputer$2rdamedia
=338  \\$aonline resource$2rdacarrier
=500  \\$aOne of an edition of fifty copies.
=859  \\$aXLD$bMS Digitised
=985  \\$aCorrected by MS generated file for WR# 11/211
=CAT  \\$aBATCH-MSDN$b00$c20130227$lBLL01$h1648
=CAT  \\$aBATCH-MSDE$b00$c20130227$lBLL01$h1701
=CAT  \\$aMSD-SUPP$c20130227$lBLL01$h1833
=CAT  \\$aBATCH-UPD$b00$c20130318$lBLL01$h1051
=CAT  \\$aWR13.117$c20130720$lBLL01$h1921
=CAT  \\$aWR14.046$c20140417$lBLL01$h1725
=CAT  \\$aWR13.144/5$c20140418$lBLL01$h1043
=CAT  \\$aWR11_211$c20141230$lBLL01$h1736
=CAT  \\$aBLSS-CORR$b00$c20141230$lBLL01$h1744
=CAT  \\$aBATCH-DCW$c20160710$lBLL01$h1803
=CAT  \\$aBATCH-DCW$c20170926$lBLL01$h1125
=CAT  \\$aBATCH-DCW$c20170926$lBLL01$h1132
=CAT  \\$aW1807-0595$c20180717$lBLL01$h1730
=CAT  \\$a7764$b40$c20210209$lBLL01$h1610
=FIN  \\$aY$d20130227
=LKR  \\$aPAR$lBLL01$r776$b003865534$mNew poems.$nNew poems.
=DGM  \\$a003865534$bCatBridge variable field
=DRT  \\$aMSD
=SRC  \\$aMSD$bmsdig_000173
=SRC  \\$aMSD$bmsdig_000174
=LAS  \\$a7764$b40$c20210209$lBLL01$h1610

