=LDR  02233 am a22005653  4500
=001  016289049
=003  Uk
=005  20210208144758.0
=007  cr\mn\024mpadp
=007  cr\mn\024mpada
=008  991111|1905|||||||\\\\|s\\\\\|||\||eng\\
=FMT  \\$a  BK
=040  \\$aUk$cUk
=100  1\$aPrior, Matthew,$d1664-1721.
=245  14$aThe writings of Matthew Prior (the text edited by A. R. Waller.).$h[electronic resource]
=260  \\$aCambridge :$bUniversity Press,$c1905, 1907.
=300  \\$a2 vol. ;$c20 cm.
=336  \\$atext$2rdacontent
=337  \\$acomputer$2rdamedia
=338  \\$aonline resource$2rdacarrier
=490  \0$a(Cambridge English classics.)
=700  1\$aWALLER, Alfred Rayney.
=886  2\$2blmarc$a709$b00$aWALLER$hAlfred Rayney$p12270.dd.14.$x3441630327
=859  \\$aXLD$bMS Digitised
=883  0\$aLanguage codes assigned by Bayesian analysis of words present in record$d20201028$qUk$c0.9010
=985  \\$aCorrected by MS generated file for WR# 11/211
=985  \\$aUpgraded by BSS-generated file for WR2011-1472
=CAT  \\$aBATCH-MSDN$b00$c20130227$lBLL01$h1648
=CAT  \\$aBATCH-MSDE$b00$c20130227$lBLL01$h1701
=CAT  \\$aMSD-SUPP$c20130227$lBLL01$h1833
=CAT  \\$aBATCH-MSDE$b00$c20130228$lBLL01$h1334
=CAT  \\$aBATCH-UPD$b00$c20130318$lBLL01$h1051
=CAT  \\$aWR13.117$c20130720$lBLL01$h1921
=CAT  \\$aWR14.046$c20140417$lBLL01$h1725
=CAT  \\$aWR13.144/5$c20140418$lBLL01$h1043
=CAT  \\$a11814$b40$c20141021$lBLL01$h1834
=CAT  \\$aWR11_211$c20141230$lBLL01$h1736
=CAT  \\$aBLSS-CORR$b00$c20141230$lBLL01$h1744
=CAT  \\$aBATCH-DCW$c20160710$lBLL01$h1803
=CAT  \\$aBATCH-DCW$c20170926$lBLL01$h1125
=CAT  \\$aBATCH-DCW$c20170926$lBLL01$h1132
=CAT  \\$aW2011-1472$b00$c20201127$lBLL01$h1833
=CAT  \\$a7764$b40$c20210208$lBLL01$h1447
=FIN  \\$aY$d20130228
=LKR  \\$aPAR$lBLL01$r776$b004076426$mThe writings of Matthew Prior (the text edited by A. R. Waller.).$nThe writings of Matthew Prior (the text edited by A. R. Waller.).
=DGM  \\$a004076426$bCatBridge variable field
=DRT  \\$aMSD
=SRC  \\$aMSD$bmsdig_000173
=SRC  \\$aMSD$bmsdig_000174
=LAS  \\$a7764$b40$c20210208$lBLL01$h1447

