=LDR  03049 am a2200817u  4500
=001  016289058
=003  Uk
=005  20210204110439.0
=007  cr\mn\024mpadp
=007  cr\mn\024mpada
=008  971008s195u\\\\enka\\\|s\\\\\000\1|eng\\
=FMT  \\$a  BK
=040  \\$aUk$cUk
=082  04$a823.8$221
=100  1\$aDickens, Charles,$d1812-1870.
=240  10$aPickwick papers
=245  14$aThe posthumous papers of the Pickwick Club /$cby Charles Dickens.$h[electronic resource]
=246  3\$aPickwick papers
=260  \\$aLiverpool :$b"World's Best Library",$c[195-?]
=300  \\$axvi, 610 p. :$bill. ;$c20 cm.
=336  \\$atext$2rdacontent
=337  \\$acomputer$2rdamedia
=338  \\$aonline resource$2rdacarrier
=500  \\$aSpine title: The Pickwick papers.
=650  \0$aMen$zEngland$xSocieties and clubs$xFiction.
=651  \0$aEngland$xSocial life and customs$y19th century$xFiction.
=886  2\$2ukmarc$a900$b00$aBoz$xSee$aDickens, Charles,$x1812-1870$z100
=859  \\$aXLD$bMS Digitised
=985  \\$aCorrected by MS generated file for WR# 11/211
=CAT  \\$aBATCH-MSDN$b00$c20130227$lBLL01$h1648
=CAT  \\$aBATCH-MSDE$b00$c20130227$lBLL01$h1701
=CAT  \\$aBATCH-MSDE$b00$c20130227$lBLL01$h1705
=CAT  \\$aBATCH-MSDE$b00$c20130227$lBLL01$h1715
=CAT  \\$aBATCH-MSDE$b00$c20130227$lBLL01$h1718
=CAT  \\$aBATCH-MSDE$b00$c20130227$lBLL01$h1720
=CAT  \\$aBATCH-MSDE$b00$c20130227$lBLL01$h1723
=CAT  \\$aBATCH-MSDE$b00$c20130227$lBLL01$h1725
=CAT  \\$aBATCH-MSDE$b00$c20130227$lBLL01$h1727
=CAT  \\$aBATCH-MSDE$b00$c20130227$lBLL01$h1731
=CAT  \\$aBATCH-MSDE$b00$c20130227$lBLL01$h1732
=CAT  \\$aBATCH-MSDE$b00$c20130227$lBLL01$h1734
=CAT  \\$aMSD-SUPP$c20130227$lBLL01$h1833
=CAT  \\$aBATCH-MSDE$b00$c20130228$lBLL01$h1334
=CAT  \\$aBATCH-UPD$b00$c20130318$lBLL01$h1051
=CAT  \\$aWR13.117$c20130720$lBLL01$h1921
=CAT  \\$aWR14.046$c20140417$lBLL01$h1725
=CAT  \\$aWR13.144/5$c20140418$lBLL01$h1043
=CAT  \\$aWR11_211$c20141230$lBLL01$h1741
=CAT  \\$aBLSS-CORR$b00$c20141230$lBLL01$h1744
=CAT  \\$aBATCH-UPD$b00$c20150426$lBLL01$h2313
=CAT  \\$aBATCH-DCW$c20160710$lBLL01$h1803
=CAT  \\$aBATCH-DCW$c20170926$lBLL01$h1125
=CAT  \\$aBATCH-DCW$c20170926$lBLL01$h1132
=CAT  \\$a7764$b40$c20210204$lBLL01$h1104
=FIN  \\$aY$d20130228
=LKR  \\$aPAR$lBLL01$r776$b008594906$mThe posthumous papers of the Pickwick Club /$nThe posthumous papers of the Pickwick Club /
=DGM  \\$a008594906$bCatBridge variable field
=DRT  \\$aMSD
=SRC  \\$aMSD$bmsdig_000173
=SRC  \\$aMSD$bmsdig_000184
=SRC  \\$aMSD$bmsdig_000183
=SRC  \\$aMSD$bmsdig_000182
=SRC  \\$aMSD$bmsdig_000181
=SRC  \\$aMSD$bmsdig_000180
=SRC  \\$aMSD$bmsdig_000179
=SRC  \\$aMSD$bmsdig_000178
=SRC  \\$aMSD$bmsdig_000177
=SRC  \\$aMSD$bmsdig_000176
=SRC  \\$aMSD$bmsdig_000175
=SRC  \\$aMSD$bmsdig_000174
=LAS  \\$a7764$b40$c20210204$lBLL01$h1104

