=LDR  02729 as a22007573  4500
=001  016289059
=003  Uk
=005  20210217100727.0
=007  cr\mn\024mpadp
=007  cr\mn\024mpada
=008  040410u|||||||||||a|\p|s|\\\\0\\\|0eng\\
=FMT  \\$a  SE
=040  \\$aUk$cUk
=245  00$aTRUE STORY CLASSICS.$h[electronic resource]
=336  \\$atext$2rdacontent
=337  \\$acomputer$2rdamedia
=338  \\$aonline resource$2rdacarrier
=540  \\$aCurrent copyright fee: GBP5.00$c0$5Uk
=886  2\$2blmarc$a092$b00$a9057.879501n
=859  \\$aXLD$bMS Digitised
=883  0\$aLanguage codes assigned by Bayesian analysis of words present in record$d20201028$qUk$c0.9010
=985  \\$aUpgraded by BSS-generated file for WR2011-1472
=CAT  \\$aBATCH-MSDN$b00$c20130227$lBLL01$h1648
=CAT  \\$aBATCH-MSDE$b00$c20130227$lBLL01$h1701
=CAT  \\$aBATCH-MSDE$b00$c20130227$lBLL01$h1705
=CAT  \\$aBATCH-MSDE$b00$c20130227$lBLL01$h1715
=CAT  \\$aBATCH-MSDE$b00$c20130227$lBLL01$h1718
=CAT  \\$aBATCH-MSDE$b00$c20130227$lBLL01$h1720
=CAT  \\$aBATCH-MSDE$b00$c20130227$lBLL01$h1723
=CAT  \\$aBATCH-MSDE$b00$c20130227$lBLL01$h1725
=CAT  \\$aBATCH-MSDE$b00$c20130227$lBLL01$h1727
=CAT  \\$aBATCH-MSDE$b00$c20130227$lBLL01$h1731
=CAT  \\$aBATCH-MSDE$b00$c20130227$lBLL01$h1732
=CAT  \\$aBATCH-MSDE$b00$c20130227$lBLL01$h1734
=CAT  \\$aBATCH-MSDE$b00$c20130227$lBLL01$h1736
=CAT  \\$aBATCH-MSDE$b00$c20130227$lBLL01$h1737
=CAT  \\$aBATCH-MSDE$b00$c20130227$lBLL01$h1739
=CAT  \\$aMSD-SUPP$c20130227$lBLL01$h1833
=CAT  \\$aBATCH-MSDE$b00$c20130228$lBLL01$h1334
=CAT  \\$aBATCH-UPD$b00$c20130318$lBLL01$h1051
=CAT  \\$aWR13.117$c20130720$lBLL01$h1921
=CAT  \\$aWR14.046$c20140417$lBLL01$h1725
=CAT  \\$aWR13.144/5$c20140418$lBLL01$h1043
=CAT  \\$aBATCH-DCW$c20160710$lBLL01$h1803
=CAT  \\$aW2011-1472$b00$c20201127$lBLL01$h1833
=CAT  \\$a6490$b40$c20210217$lBLL01$h1007
=FIN  \\$aY$d20130228
=LKR  \\$aPAR$lBLL01$r776$b011143842$mTRUE STORY CLASSICS.$nTRUE STORY CLASSICS.
=DGM  \\$a011143842$bCatBridge variable field
=DRT  \\$aMSD
=SRC  \\$aMSD$bmsdig_000173
=SRC  \\$aMSD$bmsdig_000187
=SRC  \\$aMSD$bmsdig_000186
=SRC  \\$aMSD$bmsdig_000185
=SRC  \\$aMSD$bmsdig_000184
=SRC  \\$aMSD$bmsdig_000183
=SRC  \\$aMSD$bmsdig_000182
=SRC  \\$aMSD$bmsdig_000181
=SRC  \\$aMSD$bmsdig_000180
=SRC  \\$aMSD$bmsdig_000179
=SRC  \\$aMSD$bmsdig_000178
=SRC  \\$aMSD$bmsdig_000177
=SRC  \\$aMSD$bmsdig_000176
=SRC  \\$aMSD$bmsdig_000174
=SRC  \\$aMSD$bmsdig_000175
=LAS  \\$a6490$b40$c20210217$lBLL01$h1007

