=LDR  02785cam a22005417  4500
=001  017867931
=003  Uk
=005  20230613105009.0
=007  cr\mn\024mpadp
=007  cr\mn\024mpada
=008  010116s1902\\\\enk\\\\\s\\\\o000\0\eng\\
=FMT  \\$a  BK
=040  \\$aUk$cUk$dUk
=245  00$aSouth America pilot.$nPart I,$pEast coast of South America, from Cape St. Roque to Cape Virgins, including Falkland, South Georgia, Sandwich and South Shetland Islands ; also the north coast from Cape St. Roque to Cape Orange in French Guiana,$h[electronic resource].
=250  \\$a5th ed.
=260  \\$aLondon :$bHydrographic Office,$c1902.
=336  \\$atext$2rdacontent
=337  \\$acomputer$2rdamedia
=338  \\$aonline resource$2rdacarrier
=490  0\$aSailing Directions. America
=500  \\$aCompiled by Staff Commander James Penn, R. N.
=525  \\$aKept up-to-date between eds. by supplements and Admiralty notices to mariners.
=504  \\$aIncludes index.
=651  \7$aSouth Georgia and South Sandwich Islands.$2fast$0(OCoLC)fst01260107
=651  \7$aAntarctic Ocean$zSouth Shetland Islands.$2fast$0(OCoLC)fst01244146
=650  \0$aAids to navigation$zBrazil.
=650  \0$aAids to navigation$zFalkland Islands.
=650  \0$aAids to navigation$zFrench Guiana.
=650  \0$aAids to navigation$zPatagonia (Argentina and Chile).
=650  \0$aAids to navigation$zSouth Atlantic Ocean.
=650  \0$aAids to navigation$zSouth Georgia and South Sandwich Islands.
=650  \0$aAids to navigation$zVirgins, Cape (Argentina)
=650  \0$aPilot guides$zSouth America.
=700  1\$aPenn, James R.
=710  1\$aGreat Britain.$bHydrographic Department.
=710  1\$aGreat Britain.$bHydrographic Office.
=859  \\$aXLD$bMS Digitised
=985  \\$aEnhanced during collaborative project with UCL (course BASC0033). 2022-23.
=CAT  \\$a10932$b40$c20160607$lBLL01$h0851
=CAT  \\$aBATCH-DCW$c20160710$lBLL01$h1803
=CAT  \\$a7764$b40$c20210209$lBLL01$h1607
=CAT  \\$a14185$b40$c20230613$lBLL01$h1050
=FIN  \\$aY$d20090205
=LKR  \\$aPAR$lBLL01$r776$b001091669$mThe South American pilot. Part I, East coast of South America, from Cape St. Roque to Cape Virgins, including Falkland, South Georgia, Sandwich and South Shetland Islands ; also the north coast from Cape St. Rogue to Cape Orange in French Guiana (electronic resource)$nThe South American pilot. Part I, East coast of South America, from Cape St. Roque to Cape Virgins, including Falkland, South Georgia, Sandwich and South Shetland Islands ; also the north coast from Cape St. Rogue to Cape Orange in French Guiana
=DGM  \\$a001091669$bCatBridge variable field
=DRT  \\$aMSD
=SRC  \\$aMSD$bmsdig_000067
=LAS  \\$a14185$b40$c20230613$lBLL01$h1050

