=LDR  01600 am a22004693  4500
=001  015742818
=003  Uk
=005  20210204114045.0
=007  cr\mn\024mpadp
=007  cr\mn\024mpada
=008  881208|1823||||enk\\\\|s\\\\\|||\||eng\\
=040  \\$aUk$cUk
=100  1\$aGell, William,$cSir,$d1777-1836.
=245  10$aNarrative of a journey in the Morea.$h[electronic resource]
=264  \1$aLondon,$c1823.
=300  \\$c(8º)
=336  \\$atext$2rdacontent
=337  \\$acomputer$2rdamedia
=338  \\$aonline resource$2rdacarrier
=340  \\$m8vo$2rdabf
=859  \\$aXLD$bMS Digitised
=985  \\$aUpgraded by BSS-generated file for WR1910-0531
=CAT  \\$aBATCH-MSDN$b00$c20110201$lBLL01$h1149
=CAT  \\$aBATCH-MSDE$b00$c20130227$lBLL01$h1542
=CAT  \\$aMSD-SUPP$c20130227$lBLL01$h1832
=CAT  \\$aBATCH-UPD$b00$c20130318$lBLL01$h1049
=CAT  \\$aWR13.117$c20130720$lBLL01$h1920
=CAT  \\$aWR14.046$c20140417$lBLL01$h1724
=CAT  \\$aWR13.144/5$c20140418$lBLL01$h1023
=CAT  \\$aBATCH-DCW$c20160710$lBLL01$h1803
=CAT  \\$a1805-0738$c20181228$lBLL01$h1830
=CAT  \\$a1805-0738$b00$c20181228$lBLL01$h1915
=CAT  \\$aW1910-0531$b00$c20191108$lBLL01$h1813
=CAT  \\$a6490$b40$c20210204$lBLL01$h1140
=DGM  \\$a001385823$bCatBridge variable field
=DRT  \\$aMSD
=FIN  \\$aY$d20130227
=FMT  \\$a  BK
=LAS  \\$a6490$b40$c20210204$lBLL01$h1140
=LKR  \\$aPAR$lBLL01$r776$b001385823$mNarrative of a journey in the Morea.$nNarrative of a journey in the Morea.
=SRC  \\$aMSD$bmsdig_000617
=SRC  \\$aMSD$bmsdig_000172

