=LDR  02219 am a22005413  4500
=001  015743008
=003  Uk
=005  20210211104648.0
=007  cr\mn\024mpadp
=007  cr\mn\024mpada
=008  900207s1885\\\\enka\\\\s\\\\\000\0\eng\\
=040  \\$aUk$cUk$dUk
=245  00$aRoutledge's book of travel and adventure$h[electronic resource].
=260  \\$aLondon :$bG. Routledge & Sons,$c[1885]
=300  \\$a6 pt. in 1 :$bill.
=336  \\$atext$2rdacontent
=337  \\$acomputer$2rdamedia
=338  \\$aonline resource$2rdacarrier
=505  0\$aRobinson Crusoe -- The Swiss Family Robinson -- Gulliver's Travels -- Captain Cook's voyages -- Paul and Virginia -- Don Quixote.
=700  12$aDefoe, Daniel,$d1661?-1731.$tRobinson Crusoe.
=700  12$aWyss, Johann David,$d1743-1818.$tSchweizerische Robinson.$lEnglish.
=700  12$aSwift, Jonathan,$d1667-1745.$tGilliver's travels.
=700  12$aCook, James,$d1728-1779.$tCaptain Cook's voyages.
=700  12$aSaint-Pierre, Bernardin de,$d1737-1814.$tPaul et Virginie.$lEnglish.
=700  12$aCervantes Saavedra, Miguel de,$d1547-1616.$tDon Quixote.$lEnglish.
=859  \\$aXLD$bMS Digitised
=985  \\$aCorrected by MS generated file for WR# 11/211
=CAT  \\$aBATCH-MSDN$b00$c20110201$lBLL01$h1317
=CAT  \\$aBATCH-UPD$b00$c20110810$lBLL01$h0903
=CAT  \\$aBATCH-UPD$b00$c20110810$lBLL01$h0909
=CAT  \\$a8874$b40$c20120207$lBLL01$h0806
=CAT  \\$aBATCH-MSDE$b00$c20130227$lBLL01$h1542
=CAT  \\$aMSD-SUPP$c20130227$lBLL01$h1832
=CAT  \\$aBATCH-UPD$b00$c20130318$lBLL01$h1050
=CAT  \\$aWR13.117$c20130720$lBLL01$h1920
=CAT  \\$aWR14.046$c20140417$lBLL01$h1724
=CAT  \\$aWR13.144/5$c20140418$lBLL01$h1023
=CAT  \\$aWR11_211$c20141230$lBLL01$h1741
=CAT  \\$aBLSS-CORR$b00$c20141230$lBLL01$h1744
=CAT  \\$a7764$b40$c20210211$lBLL01$h1046
=DGM  \\$a003174747$bCatBridge variable field
=DRT  \\$aMSD
=FIN  \\$aY$d20130227
=FMT  \\$a  BK
=LAS  \\$a7764$b40$c20210211$lBLL01$h1046
=LKR  \\$aPAR$lBLL01$r776$b003174747$mRoutledge's book of travel and adventure$nRoutledge's book of travel and adventure
=SRC  \\$aMSD$bmsdig_000172
=SRC  \\$aMSD$bmsdig_000621

