=LDR  01791 am a22004573  4500
=001  015743126
=003  Uk
=005  20191108181319.0
=007  cr\mn\024mpadp
=007  cr\mn\024mpada
=008  940826|1823||||enk\\\\|s\\\\\|||\||eng\\
=040  \\$aUk$cUk
=100  1\$aTHIERS, Louis Adolphe,$cPresident of the French Republic.
=240  10$aLes Pyrénées et le Midi de la France, pendant les mois de novembre et décembre 1822.
=245  14$aThe Pyrenees, and the South of France during the months of November and December 1822.$h[electronic resource]
=264  \1$aLondon,$c1823.
=300  \\$c(8º)
=336  \\$atext$2rdacontent
=337  \\$acomputer$2rdamedia
=338  \\$aonline resource$2rdacarrier
=340  \\$m8vo$2rdabf
=859  \\$aXLD$bMS Digitised
=985  \\$aUpgraded by BSS-generated file for WR1910-0531
=CAT  \\$aBATCH-MSDN$b00$c20110201$lBLL01$h1506
=CAT  \\$aBATCH-MSDE$b00$c20130227$lBLL01$h1543
=CAT  \\$aMSD-SUPP$c20130227$lBLL01$h1832
=CAT  \\$aBATCH-UPD$b00$c20130318$lBLL01$h1050
=CAT  \\$aWR13.117$c20130720$lBLL01$h1920
=CAT  \\$aWR14.046$c20140417$lBLL01$h1724
=CAT  \\$aWR13.144/5$c20140418$lBLL01$h1023
=CAT  \\$a1805-0738$c20181228$lBLL01$h1830
=CAT  \\$a1805-0738$b00$c20181228$lBLL01$h1915
=CAT  \\$aW1910-0531$b00$c20191108$lBLL01$h1813
=DGM  \\$a003613023$bCatBridge variable field
=DRT  \\$aMSD
=FIN  \\$aY$d20130227
=FMT  \\$a  BK
=LAS  \\$aW1910-0531$b00$c20191108$lBLL01$h1813
=LKR  \\$aPAR$lBLL01$r776$b003613023$mThe Pyrenees, and the South of France during the months of November and December 1822.$nThe Pyrenees, and the South of France during the months of November and December 1822.
=SRC  \\$aMSD$bmsdig_000624
=SRC  \\$aMSD$bmsdig_000172

