=LDR  01691 am a22004573  4500
=001  014603313
=003  Uk
=005  20210204111029.0
=007  cr\mn\024mpadp
=007  cr\mn\024mpada
=008  880720s1840\\\\enk\\\\\s\\\\\000\p\eng\\
=FMT  \\$a  BK
=040  \\$aUk$cUk$dUk
=245  00$aEton addresses, A.D. 1831-1836$h[electronic resource].
=260  \\$aEton :$bT. Ingalton and Son,$c1840.
=300  \\$a56 p. ;$c24 cm.
=336  \\$atext$2rdacontent
=337  \\$acomputer$2rdamedia
=338  \\$aonline resource$2rdacarrier
=500  \\$aPoems by Etonians at the annual visits of King William IV to Eton College.
=500  \\$aWorks by: J. Daniell, S. Philips, H. Erskine, W. Courthope, G. A. F. Smythe, and R. Williams.
=610  20$aEton College$vPoetry.
=600  00$aWilliam$bIV,$cKing of Great Britain,$d1765-1837.
=859  \\$aXLD$bMS Digitised
=CAT  \\$aBATCH-MSDN$b00$c20080430$lBLL01$h1339
=CAT  \\$aBATCH$b00$c20080430$lBLL01$h1341
=CAT  \\$aBATCH-UPD$b00$c20080506$lBLL01$h2220
=CAT  \\$aBATCH-UPD$b00$c20100501$lBLL01$h0016
=CAT  \\$a8874$b40$c20120130$lBLL01$h1122
=CAT  \\$a8874$b40$c20120130$lBLL01$h1123
=CAT  \\$aWR13.117$c20130720$lBLL01$h1900
=CAT  \\$aWR14.046$c20140417$lBLL01$h1706
=CAT  \\$aWR13.144/5$c20140418$lBLL01$h0949
=CAT  \\$aBATCH-DCW$c20160710$lBLL01$h1803
=CAT  \\$a6490$b40$c20210204$lBLL01$h1110
=FIN  \\$aY$d20080430
=LKR  \\$aPAR$lBLL01$r776$b001169574$mEton addresses, A.D. 1831-1836.$nEton addresses, A.D. 1831-1836.
=DGM  \\$a001169574$bCatBridge variable field
=DRT  \\$aMSD
=SRC  \\$aMSD$bmsdig_000007
=LAS  \\$a6490$b40$c20210204$lBLL01$h1110

