=LDR  02307 am a22005773  4500
=001  014605628
=003  Uk
=005  20210211164210.0
=007  cr\mn\024mpadp
=007  cr\mn\024mpada
=008  880314s1871\\\\enk\\\\\s\\\\\000\0\eng\\
=FMT  \\$a  BK
=040  \\$aUk$cUk$dUk
=100  1\$aCopland, Robert,$dactive 1508-1547.
=245  10$aJyl of Breyntfords Testament,$cby Robert Copland ... The Wyll of the Deuyll and his Last Testament [by George Gascoigne?], a Talk of Ten Wives on their Husbands' Ware, a balade or two by Chaucer, and other short pieces. Edited by Frederick J. Furnivall.
=264  \1$aLondon :$bPrinted for private circulation,$c1871.
=300  \\$a44 pages ;$c(8º)
=336  \\$atext$2rdacontent
=337  \\$acomputer$2rdamedia
=338  \\$aonline resource$2rdacarrier
=650  \0$aEnglish literature$yEarly modern, 1500-1700.
=740  0\$aWyll of the devil.
=740  0\$aTalk of ten wives.
=700  1\$aChaucer, Geoffrey,$d-1400.
=700  1\$aCopland, Robert,$dactive 1508-1547.
=700  1\$aFurnivall, Frederick James,$d1825-1910.
=700  1\$aGascoigne, George,$d-1577,$esupposed author.
=859  \\$aXLD$bMS Digitised
=985  \\$aRecord amended for WR# 13/070
=985  \\$aCorrected by MS generated file for WR# 1805-0738
=CAT  \\$aBATCH-MSDN$b00$c20080505$lBLL01$h1528
=CAT  \\$aBATCH$b00$c20080505$lBLL01$h1529
=CAT  \\$aBATCH$b00$c20080505$lBLL01$h1530
=CAT  \\$aBATCH-UPD$b00$c20080506$lBLL01$h2220
=CAT  \\$aBATCH-UPD$b00$c20100501$lBLL01$h0016
=CAT  \\$a8874$b40$c20120127$lBLL01$h1417
=CAT  \\$aWR13_070$b00$c20130504$lBLL01$h0302
=CAT  \\$aWR13.117$c20130720$lBLL01$h1900
=CAT  \\$aWR14.046$c20140417$lBLL01$h1706
=CAT  \\$aWR13.144/5$c20140418$lBLL01$h0949
=CAT  \\$aBATCH-DCW$c20160710$lBLL01$h1803
=CAT  \\$a1805-0738$c20181228$lBLL01$h1815
=CAT  \\$a1805-0738$b00$c20181228$lBLL01$h1903
=CAT  \\$aW2001-2376$c20200619$lBLL01$h1936
=CAT  \\$a7764$b40$c20210211$lBLL01$h1642
=FIN  \\$aY$d20080505
=LKR  \\$aPAR$lBLL01$r776$b000782088$mJyl of Breyntfords Testament$nJyl of Breyntfords Testament
=DGM  \\$a000782088$bCatBridge variable field
=DRT  \\$aMSD
=SRC  \\$aMSD$bmsdig_000030
=LAS  \\$a7764$b40$c20210211$lBLL01$h1642

