=LDR  01716 am a22004453  4500
=001  014628741
=003  Uk
=005  20210211165101.0
=007  cr\mn\024mpadp
=007  cr\mn\024mpada
=008  000127s1871\\\\gw\\\\\\s\\\\\000\0\ger\\
=FMT  \\$a  BK
=040  \\$aUk$cUk$dUk
=245  00$aStimmen aus England zum deutschen Friedensfeste 1871$h[electronic resource] :$bLord Stratford de Redcliffe - Herman Prior - Max Müller.
=260  \\$aBerlin :$bgedruckt in der Königlichen Geheimen Ober-Hofbuchdruckerei,$c[1871]
=300  \\$a22 p. ;$c27 cm.
=336  \\$atext$2rdacontent
=337  \\$acomputer$2rdamedia
=338  \\$aonline resource$2rdacarrier
=859  \\$aXLD$bMS Digitised
=985  \\$aCorrected by MS generated file for WR# 11/211
=CAT  \\$aBATCH-MSDN$b00$c20080529$lBLL01$h1020
=CAT  \\$aBATCH$b00$c20080529$lBLL01$h1024
=CAT  \\$aBATCH-UPD$b00$c20100501$lBLL01$h0017
=CAT  \\$a8874$b40$c20120307$lBLL01$h1439
=CAT  \\$aWR13.117$c20130720$lBLL01$h1901
=CAT  \\$aWR14.046$c20140417$lBLL01$h1707
=CAT  \\$aWR13.144/5$c20140418$lBLL01$h0950
=CAT  \\$aWR11_211$c20141230$lBLL01$h1736
=CAT  \\$aBLSS-CORR$b00$c20141230$lBLL01$h1742
=CAT  \\$aBATCH-DCW$c20160710$lBLL01$h1803
=CAT  \\$aBATCH-DCW$c20170926$lBLL01$h1124
=CAT  \\$aBATCH-DCW$c20170926$lBLL01$h1132
=CAT  \\$a7764$b40$c20210211$lBLL01$h1651
=FIN  \\$aY$d20080529
=LKR  \\$aPAR$lBLL01$r776$b003506639$mStimmen aus England zum deutschen Friedensfeste 1871$nStimmen aus England zum deutschen Friedensfeste 1871
=DGM  \\$a003506639$bCatBridge variable field
=DRT  \\$aMSD
=SRC  \\$aMSD$bmsdig_000040
=LAS  \\$a7764$b40$c20210211$lBLL01$h1651

