=LDR  01836 am a22005173  4500
=001  014803510
=003  Uk
=005  20210204100507.0
=007  cr\mn\024mpadp
=007  cr\mn\024mpada
=008  871007s1857\\\\enk\\\\\s\\\\\000\1\eng\\
=FMT  \\$a  BK
=040  \\$aUk$cUk$dUk
=100  1\$aHardy, Duffus,$cLady,$d1825?-1891.
=245  14$aThe artist's family$h[electronic resource] :$ba novel /$cby the author of "Savile house."
=264  \1$aLondon :$bT.C. Newby,$c1857.
=300  \\$a3 volumes ;$c(12º)
=336  \\$atext$2rdacontent
=337  \\$acomputer$2rdamedia
=338  \\$aonline resource$2rdacarrier
=859  \\$aXLD$bMS Digitised
=985  \\$aCorrected by MS generated file for WR# 1805-0738
=CAT  \\$aBATCH-MSDN$b00$c20081114$lBLL01$h2142
=CAT  \\$aBATCH$b00$c20081115$lBLL01$h1540
=CAT  \\$aBATCH-MSDE$b00$c20081115$lBLL01$h1630
=CAT  \\$aBATCH$b00$c20081115$lBLL01$h1852
=CAT  \\$aBATCH-MSDE$b00$c20081116$lBLL01$h1156
=CAT  \\$aBATCH$b00$c20081116$lBLL01$h1402
=CAT  \\$aBATCH-UPD$b00$c20100501$lBLL01$h0034
=CAT  \\$a8874$b40$c20120126$lBLL01$h1320
=CAT  \\$aWR13.117$c20130720$lBLL01$h1902
=CAT  \\$aWR14.046$c20140417$lBLL01$h1708
=CAT  \\$aWR13.144/5$c20140418$lBLL01$h1004
=CAT  \\$aBATCH-DCW$c20160710$lBLL01$h1803
=CAT  \\$a1805-0738$c20181228$lBLL01$h1817
=CAT  \\$a1805-0738$b00$c20181228$lBLL01$h1904
=CAT  \\$aW2001-2376$c20200619$lBLL01$h1938
=CAT  \\$a6490$b40$c20210204$lBLL01$h1005
=FIN  \\$aY$d20081116
=LKR  \\$aPAR$lBLL01$r776$b000124912$mThe artist's family$nThe artist's family
=DGM  \\$a000124912$bCatBridge variable field
=DRT  \\$aMSD
=SRC  \\$aMSD$bmsdig_000052
=SRC  \\$aMSD$bMSDIG_000050
=SRC  \\$aMSD$bmsdig_000051
=LAS  \\$a6490$b40$c20210204$lBLL01$h1005

