=LDR  02944 am a22007453  4500
=001  014803511
=003  Uk
=005  20210202142411.0
=007  cr\mn\024mpadp
=007  cr\mn\024mpada
=008  871222s1893\\\\enk\\\\\s\\\\\000\0\eng\\
=FMT  \\$a  BK
=040  \\$aUk$cUk$dUk
=041  1\$aeng$hhin
=100  1\$aBurton, Richard Francis,$cSir,$d1821-1890.
=245  10$aVikram and the Vampire ; or, Tales of Hindu devilry$h[electronic resource] /$cAdapted by Captain Sir Richard F. Burton [from the Baitāl-Pachīsī] ... Edited by his wife, Isabel Burton ... With thirty-three illustrations by Ernest Griset.
=260  \\$aLondon :$bTylston & Edwards,$c1893.
=300  \\$axxi, 243 p., [16] leaves of plates :$bill. ;$c22 cm.
=336  \\$atext$2rdacontent
=337  \\$acomputer$2rdamedia
=338  \\$aonline resource$2rdacarrier
=490  0\$aThe Memorial edition of the works of Captain Sir Richard F. Burton ;$vv. 3-4
=500  \\$a1st ed. published 1870.
=650  \0$aHindu legends.
=700  1\$aBurton, Isabel,$cLady,$d1831-1896.
=700  1\$aGriset, Ernest Henry,$d1844-1907.
=700  1\$aLetchford, Albert,$d1866-1905.
=730  0\$aBaitāla-pacīsī
=859  \\$aXLD$bMS Digitised
=CAT  \\$aBATCH-MSDN$b00$c20081114$lBLL01$h2142
=CAT  \\$aBATCH$b00$c20081115$lBLL01$h1540
=CAT  \\$aBATCH-MSDE$b00$c20081115$lBLL01$h1630
=CAT  \\$aBATCH$b00$c20081115$lBLL01$h1852
=CAT  \\$aBATCH-MSDE$b00$c20081116$lBLL01$h1156
=CAT  \\$aBATCH$b00$c20081116$lBLL01$h1402
=CAT  \\$aBATCH-MSDE$b00$c20081119$lBLL01$h0941
=CAT  \\$aBATCH$b00$c20081119$lBLL01$h1050
=CAT  \\$aBATCH-MSDE$b00$c20081120$lBLL01$h0851
=CAT  \\$aBATCH$b00$c20081120$lBLL01$h0858
=CAT  \\$aBATCH-MSDE$b00$c20081120$lBLL01$h0921
=CAT  \\$aBATCH$b00$c20081120$lBLL01$h0956
=CAT  \\$aBATCH-MSDE$b00$c20081120$lBLL01$h1132
=CAT  \\$aBATCH$b00$c20081120$lBLL01$h1649
=CAT  \\$aBATCH$b00$c20091225$lBLL01$h0211
=CAT  \\$aBATCH-UPD$b00$c20100501$lBLL01$h0034
=CAT  \\$a8874$b40$c20120718$lBLL01$h0840
=CAT  \\$a8874$b40$c20120718$lBLL01$h1025
=CAT  \\$a8874$b40$c20120718$lBLL01$h1223
=CAT  \\$aWR12-140$c20121030$lBLL01$h1035
=CAT  \\$aWR13.117$c20130720$lBLL01$h1902
=CAT  \\$aWR14.046$c20140417$lBLL01$h1708
=CAT  \\$aWR13.144/5$c20140418$lBLL01$h1004
=CAT  \\$a10932$b40$c20210202$lBLL01$h1424
=FIN  \\$aY$d20081120
=LKR  \\$aPAR$lBLL01$r776$b000174209$mVikram and Vampire; or, Tales of Hindu devilry.$nVikram and Vampire; or, Tales of Hindu devilry.
=DGM  \\$a000174209$bCatBridge variable field
=DRT  \\$aMSD
=SRC  \\$aMSD$bmsdig_000053
=SRC  \\$aMSD$bmsdig_000055
=SRC  \\$aMSD$bmsdig_000056
=SRC  \\$aMSD$bmsdig_000054
=SRC  \\$aMSD$bmsdig_000052
=SRC  \\$aMSD$bMSDIG_000050
=SRC  \\$aMSD$bmsdig_000051
=LAS  \\$a10932$b40$c20210202$lBLL01$h1424

