=LDR  03666 am a22007813  4500
=001  014803512
=003  Uk
=005  20210211144847.0
=007  cr\mn\024mpadp
=007  cr\mn\024mpada
=008  880408|1882||||enk\\\\|s\\\\\|||\||eng\\
=FMT  \\$a  BK
=040  \\$aUk$cUk
=100  1\$aBRIERLEY, Benjamin.
=245  10$aPopular Edition of Tales and Sketches of Lancashire Life. (Tales and Sketches of Lancashire Life.).$h[electronic resource]
=264  \1$aManchester :$bA. Heywood & Son ;$aLondon :$bSimpkin, Marshall & Co,$c1882-86.
=300  \\$a5 volumes ;$c(8º)
=336  \\$atext$2rdacontent
=337  \\$acomputer$2rdamedia
=338  \\$aonline resource$2rdacarrier
=500  \\$aVol. 1 only bears the title "Popular Edition of Tales and Sketches of Lancashire Life." The half-title of vol. 1 reads "Ben Brierley's Works. vol. 1.".
=580  \\$aPart title: Popular Edition of Tales and Sketches of Lancashire Life. (Tales and Sketches of Lancashire Life.) Daisy Nook Sketches. pp. 287. 1882.
=580  \\$aPart title: Popular Edition of Tales and Sketches of Lancashire Life. (Tales and Sketches of Lancashire Life.) Marlocks of Merriton. Red Windows Hall. pp. 293. 1884.
=580  \\$aPart title: Popular Edition of Tales and Sketches of Lancashire Life. (Tales and Sketches of Lancashire Life.) The Chronicles of Waverlow. pp. 280. 1884.
=580  \\$aPart title: Popular Edition of Tales and Sketches of Lancashire Life. (Tales and Sketches of Lancashire Life.) Irkdale. pp. 326. 1885.
=580  \\$aPart title: Popular Edition of Tales and Sketches of Lancashire Life. (Tales and Sketches of Lancashire Life.) Cotters of Mossburn. pp. 283. 1886.
=787  0\$w(Uk)MP1.0000499134.0.1
=787  0\$w(Uk)MP1.0000499134.0.2
=787  0\$w(Uk)MP1.0000499134.0.3
=787  0\$w(Uk)MP1.0000499134.0.4
=787  0\$w(Uk)MP1.0000499134.0.5
=859  \\$aXLD$bMS Digitised
=883  0\$aLanguage codes assigned by Bayesian analysis of words present in record$d20201028$qUk$c0.9010
=985  \\$aUpgraded by BSS-generated file for WR1910-0531
=985  \\$aUpgraded by BSS-generated file for WR2011-1472
=CAT  \\$aBATCH-MSDN$b00$c20081114$lBLL01$h2142
=CAT  \\$aBATCH$b00$c20081115$lBLL01$h1540
=CAT  \\$aBATCH-MSDE$b00$c20081115$lBLL01$h1630
=CAT  \\$aBATCH$b00$c20081115$lBLL01$h1852
=CAT  \\$aBATCH-MSDE$b00$c20081116$lBLL01$h1156
=CAT  \\$aBATCH$b00$c20081116$lBLL01$h1402
=CAT  \\$aBATCH-MSDE$b00$c20081119$lBLL01$h0941
=CAT  \\$aBATCH$b00$c20081119$lBLL01$h1050
=CAT  \\$aBATCH-MSDE$b00$c20081120$lBLL01$h1132
=CAT  \\$aBATCH$b00$c20081120$lBLL01$h1649
=CAT  \\$aBATCH-UPD$b00$c20100501$lBLL01$h0034
=CAT  \\$a8874$b40$c20120719$lBLL01$h1025
=CAT  \\$aWR12-140$c20121030$lBLL01$h1037
=CAT  \\$aWR13.117$c20130720$lBLL01$h1902
=CAT  \\$aWR14.046$c20140417$lBLL01$h1708
=CAT  \\$aWR13.144/5$c20140418$lBLL01$h1004
=CAT  \\$aWR11_211$c20141230$lBLL01$h1736
=CAT  \\$aBLSS-CORR$b00$c20141230$lBLL01$h1742
=CAT  \\$a1805-0738$c20181228$lBLL01$h1817
=CAT  \\$a1805-0738$b00$c20181228$lBLL01$h1904
=CAT  \\$aW1910-0531$b00$c20191108$lBLL01$h1810
=CAT  \\$aW2001-2376$c20200619$lBLL01$h1938
=CAT  \\$aW2011-1472$b00$c20201127$lBLL01$h1825
=CAT  \\$a7764$b40$c20210211$lBLL01$h1448
=FIN  \\$aY$d20081120
=DGM  \\$a000471774$bCatBridge variable field
=DRT  \\$aMSD
=SRC  \\$aMSD$bmsdig_000053
=SRC  \\$aMSD$bmsdig_000054
=SRC  \\$aMSD$bmsdig_000052
=SRC  \\$aMSD$bmsdig_000051
=SRC  \\$aMSD$bMSDIG_000050
=LAS  \\$a7764$b40$c20210211$lBLL01$h1448

