=LDR  02821 am a22005053  4500
=001  014803513
=003  Uk
=005  20210211153920.0
=007  cr\mn\024mpadp
=007  cr\mn\024mpada
=008  880125s1878\\\\enk\\\\\s\\\\\000\0\eng\\
=FMT  \\$a  BK
=040  \\$aUk$cUk$dUk
=245  00$aCurrent discussion$h[electronic resource] :$ba collection from the chief English essays on questions of the time /$cedited by E. L. Burlingame.
=260  \\$aNew York :$bG. P. Putnam's Sons,$c1878.
=300  \\$a2 vol. ;$c21 cm.
=336  \\$atext$2rdacontent
=337  \\$acomputer$2rdamedia
=338  \\$aonline resource$2rdacarrier
=505  0\$av. 1. International policies; I. The Russians, the Turks and the Bulgarians, by A. Forbes. II. Turkey, by Viscount Stratford de Redcliffe. III. Montenegro, by the Rt. Hon. W. E. Gladstone. IV. The political destiny of Canada, by Goldwin Smith. V. Prussia in the nineteenth century, by J. S. Blackie. VI. The future of Egypt, by E. Dicey. VII. The Slave-owner and the Turk, by Goldwin Smith. VIII. The stability of the British empire in India, by S. J. Owen. IX. The relation of the English people to the Russo-Turkish war, by E. A. Freeman.--V. 2. Question of belief: I. The soul and future life, by F. Harrison. II. A modern symposium, I. The soul and future life, by R. H. Hutton [and others] III. A modern symposium II. The influence upon morality of a decline in religious belief, by Sir J. Stephen [and others] IV. The course of modern thought [by] G. H. Lewes. V. The condition and prospects of the Church of England, by T. Hughes. VI. Is life worth living! By W. H. Mallock.
=700  1\$aBurlingame, Edward L.$q(Edward Livermore),$d1848-1922.
=859  \\$aXLD$bMS Digitised
=985  \\$aCorrected by MS generated file for WR# 11/211
=CAT  \\$aBATCH-MSDN$b00$c20081114$lBLL01$h2142
=CAT  \\$aBATCH$b00$c20081115$lBLL01$h1540
=CAT  \\$aBATCH-MSDE$b00$c20081115$lBLL01$h1630
=CAT  \\$aBATCH$b00$c20081115$lBLL01$h1852
=CAT  \\$aBATCH-UPD$b00$c20100501$lBLL01$h0034
=CAT  \\$a8874$b40$c20120127$lBLL01$h0853
=CAT  \\$aWR13.117$c20130720$lBLL01$h1902
=CAT  \\$aWR14.046$c20140417$lBLL01$h1708
=CAT  \\$aWR13.144/5$c20140418$lBLL01$h1004
=CAT  \\$aWR11_211$c20141230$lBLL01$h1734
=CAT  \\$aBLSS-CORR$b00$c20141230$lBLL01$h1742
=CAT  \\$aBATCH-DCW$c20160710$lBLL01$h1803
=CAT  \\$aBATCH-DCW$c20170926$lBLL01$h1124
=CAT  \\$aBATCH-DCW$c20170926$lBLL01$h1132
=CAT  \\$a7764$b40$c20210211$lBLL01$h1539
=FIN  \\$aY$d20081115
=LKR  \\$aPAR$lBLL01$r776$b000538906$mCurrent discussion$nCurrent discussion
=DGM  \\$a000538906$bCatBridge variable field
=DRT  \\$aMSD
=SRC  \\$aMSD$bMSDIG_000050
=SRC  \\$aMSD$bmsdig_000051
=LAS  \\$a7764$b40$c20210211$lBLL01$h1539

