=LDR  02582cam a22006133  4500
=001  014803514
=003  Uk
=005  20230613152914.0
=007  cr\mn\024mpadp
=007  cr\mn\024mpada
=008  880125m18781879enk\\\\\s\\\\\000\p\eng\\
=FMT  \\$a  BK
=040  \\$aUk$cUk$dUk
=245  00$aBurns, Ramsay and the earlier poets of Scotland$h[electronic resource] :$bto which is added, ancient ballads and songs$cedited by A. Cunningham and C. Mackay.
=260  \\$aLondon :$bVirtue & Co.,$c1878-1879.
=300  \\$a2 vol. ;$c27 cm.
=336  \\$atext$2rdacontent
=337  \\$acomputer$2rdamedia
=338  \\$aonline resource$2rdacarrier
=505  0\$aVol. 1: Ramsay and the earlier poets of Soctland (Contains selections from the poems of Ramsay, Macneill, Hamilton, Fergusson, and Lapraik as well as the collection, Ancient ballads and songs of the north of Scotland.) -- Vol. 2: Burns.
=651  \7$aScotland.$2fast$0(OCoLC)fst01206715
=655  \7$aBallads.$2fast$0(OCoLC)fst01726529
=650  \0$aPoetry$vCollections.
=700  1\$aBurns, Robert,$d1759-1796.
=700  1\$aCunningham, Allan,$d1784-1842.
=700  1\$aRamsay, Allan,$d1686-1758.
=700  1\$aMackay, Charles,$d1814-1889.
=859  \\$aXLD$bMS Digitised
=985  \\$aEnhanced during collaborative project with UCL (course BASC0033). 2022-23.
=985  \\$aCorrected by MS generated file for WR# 11/211
=CAT  \\$aBATCH-MSDN$b00$c20081114$lBLL01$h2142
=CAT  \\$aBATCH$b00$c20081115$lBLL01$h1540
=CAT  \\$aBATCH-MSDE$b00$c20081116$lBLL01$h1156
=CAT  \\$aBATCH$b00$c20081116$lBLL01$h1402
=CAT  \\$aBATCH$b00$c20091225$lBLL01$h0211
=CAT  \\$aBATCH-UPD$b00$c20100501$lBLL01$h0034
=CAT  \\$a8874$b40$c20120127$lBLL01$h1004
=CAT  \\$aWR13.117$c20130720$lBLL01$h1902
=CAT  \\$aWR14.046$c20140417$lBLL01$h1708
=CAT  \\$aWR13.144/5$c20140418$lBLL01$h1004
=CAT  \\$aWR11_211$c20141230$lBLL01$h1734
=CAT  \\$aBLSS-CORR$b00$c20141230$lBLL01$h1742
=CAT  \\$aBATCH-DCW$c20160710$lBLL01$h1803
=CAT  \\$aBATCH-DCW$c20170926$lBLL01$h1124
=CAT  \\$aBATCH-DCW$c20170926$lBLL01$h1132
=CAT  \\$a7764$b40$c20210211$lBLL01$h1545
=CAT  \\$a14185$b40$c20230613$lBLL01$h1529
=FIN  \\$aY$d20081116
=LKR  \\$aPAR$lBLL01$r776$b000543199$mBurns, Ramsay and the earlier poets of Scotland$nBurns, Ramsay and the earlier poets of Scotland
=DGM  \\$a000543199$bCatBridge variable field
=DRT  \\$aMSD
=SRC  \\$aMSD$bMSDIG_000050
=SRC  \\$aMSD$bmsdig_000052
=LAS  \\$a14185$b40$c20230613$lBLL01$h1529

