=LDR  02670 am a22006733  4500
=001  014803515
=003  Uk
=005  20210211103223.0
=007  cr\mn\024mpadp
=007  cr\mn\024mpada
=008  880125s1888\\\\enk\\\\\s\\\\\000\0\eng\\
=FMT  \\$a  BK
=040  \\$aUk$cUk$dUk
=100  1\$aBurns, Robert,$d1759-1796.
=245  14$aThe works of Robert Burns$h[electronic resource] :$bwith a series of authentic pictorial illustrations, marginal glossary, numerous notes, and appendixes /$calso the life of Burns by J.G. Lockhart, and essays on the genius, character, and writings of Burns by Thomas Carlyle and Professor Wilson ; edited by Charles Annandale.
=260  \\$aLondon :$bBlackie,$c1888.
=300  \\$a5 vol. :$bill. ;$c22 cm.
=336  \\$atext$2rdacontent
=337  \\$acomputer$2rdamedia
=338  \\$aonline resource$2rdacarrier
=600  10$aBurns, Robert,$d1759-1796.
=650  \0$aPoets, Scottish$y18th century.
=700  1\$aCarlyle, Thomas,$d1795-1881.
=700  1\$aLockhart, J. G.$q(John Gibson),$d1794-1854.
=700  1\$aAnnandale, Charles.
=700  1\$aWilson, John,$d1785-1854.
=859  \\$aXLD$bMS Digitised
=985  \\$aCorrected by MS generated file for WR# 11/211
=CAT  \\$aBATCH-MSDN$b00$c20081114$lBLL01$h2142
=CAT  \\$aBATCH$b00$c20081115$lBLL01$h1540
=CAT  \\$aBATCH-MSDE$b00$c20081115$lBLL01$h1630
=CAT  \\$aBATCH$b00$c20081115$lBLL01$h1852
=CAT  \\$aBATCH-MSDE$b00$c20081116$lBLL01$h1156
=CAT  \\$aBATCH$b00$c20081116$lBLL01$h1402
=CAT  \\$aBATCH-MSDE$b00$c20081119$lBLL01$h0941
=CAT  \\$aBATCH$b00$c20081119$lBLL01$h1050
=CAT  \\$aBATCH-MSDE$b00$c20081120$lBLL01$h1132
=CAT  \\$aBATCH$b00$c20081120$lBLL01$h1649
=CAT  \\$aBATCH-UPD$b00$c20100501$lBLL01$h0034
=CAT  \\$a8874$b40$c20120127$lBLL01$h1022
=CAT  \\$aWR13.117$c20130720$lBLL01$h1902
=CAT  \\$aWR14.046$c20140417$lBLL01$h1708
=CAT  \\$aWR13.144/5$c20140418$lBLL01$h1004
=CAT  \\$aWR11_211$c20141230$lBLL01$h1734
=CAT  \\$aBLSS-CORR$b00$c20141230$lBLL01$h1742
=CAT  \\$aBATCH-DCW$c20160710$lBLL01$h1803
=CAT  \\$aBATCH-DCW$c20170926$lBLL01$h1124
=CAT  \\$aBATCH-DCW$c20170926$lBLL01$h1132
=CAT  \\$a7764$b40$c20210211$lBLL01$h1032
=FIN  \\$aY$d20081120
=LKR  \\$aPAR$lBLL01$r776$b000543203$mThe works of Robert Burns$nThe works of Robert Burns
=DGM  \\$a000543203$bCatBridge variable field
=DRT  \\$aMSD
=SRC  \\$aMSD$bmsdig_000053
=SRC  \\$aMSD$bmsdig_000054
=SRC  \\$aMSD$bmsdig_000052
=SRC  \\$aMSD$bMSDIG_000050
=SRC  \\$aMSD$bmsdig_000051
=LAS  \\$a7764$b40$c20210211$lBLL01$h1032

