=LDR  02577 am a22005893  4500
=001  014803516
=003  Uk
=005  20210210100956.0
=007  cr\mn\024mpadp
=007  cr\mn\024mpada
=008  880523|1896|||||||\\\\|s\\\\\|||\||eng\\
=FMT  \\$a  BK
=040  \\$aUk$cUk
=100  1\$aByron, George Gordon Byron,$cBaron,$d1788-1824.
=240  10$aWorks
=245  10$aLord Byrons Werke, in kritischen Texten mit Einleitungen und Anmerkungen herausgegeben von Eugen Kölbing.$h[electronic resource]
=264  \1$aWeimar,$c1896.
=300  \\$a2 Bd ;$c(8º)
=336  \\$atext$2rdacontent
=337  \\$acomputer$2rdamedia
=338  \\$aonline resource$2rdacarrier
=500  \\$aNo more published.
=580  \\$aPart title: Lord Byrons Werke, in kritischen Texten mit Einleitungen und Anmerkungen herausgegeben von Eugen Kölbing. Bd. 1. The Siege of Corinth.
=580  \\$aPart title: Lord Byrons Werke, in kritischen Texten mit Einleitungen und Anmerkungen herausgegeben von Eugen Kölbing. Bd. 2. The Prisoner of Chillon, and other poems.
=700  1\$aKOELBING, Eugen.
=787  0\$w(Uk)MP1.0000586517.0.1
=787  0\$w(Uk)MP1.0000586517.0.2
=886  2\$2blmarc$a709$b00$aKOELBING$hEugen$p11611.dd.8.$x1770850198
=859  \\$aXLD$bMS Digitised
=985  \\$aCorrected by MS generated file for WR# 11/211
=985  \\$aCorrected by MS generated file for WR# 1805-0738
=CAT  \\$aBATCH-MSDN$b00$c20081114$lBLL01$h2142
=CAT  \\$aBATCH$b00$c20081115$lBLL01$h1540
=CAT  \\$aBATCH-UPD$b00$c20100501$lBLL01$h0034
=CAT  \\$aWR12-140$c20121030$lBLL01$h1037
=CAT  \\$aWR13.117$c20130720$lBLL01$h1902
=CAT  \\$aWR14.046$c20140417$lBLL01$h1708
=CAT  \\$aWR13.144/5$c20140418$lBLL01$h1004
=CAT  \\$aWR11_211$c20141230$lBLL01$h1736
=CAT  \\$aBLSS-CORR$b00$c20141230$lBLL01$h1742
=CAT  \\$aBATCH-UPD$b00$c20151012$lBLL01$h0704
=CAT  \\$aW1807-0595$c20180717$lBLL01$h1728
=CAT  \\$a1805-0738$c20181228$lBLL01$h1817
=CAT  \\$a1805-0738$b00$c20181228$lBLL01$h1904
=CAT  \\$aW2001-2376$c20200619$lBLL01$h1938
=CAT  \\$a7764$b40$c20210210$lBLL01$h1009
=FIN  \\$aY$d20081114
=LKR  \\$aPAR$lBLL01$r776$b000557734$mLord Byrons Werke, in kritischen Texten mit Einleitungen und Anmerkungen herausgegeben von Eugen Kölbing.$nLord Byrons Werke, in kritischen Texten mit Einleitungen und Anmerkungen herausgegeben von Eugen Kölbing.
=DGM  \\$a000557734$bCatBridge variable field
=DRT  \\$aMSD
=SRC  \\$aMSD$bMSDIG_000050
=LAS  \\$a7764$b40$c20210210$lBLL01$h1009

