=LDR  03156cam a22006853  4500
=001  014803517
=003  Uk
=005  20220615170740.0
=007  cr\mn\024mpadp
=007  cr\mn\024mpada
=008  880205|1863||||stk\\\\|s\\\\||||\||eng\\
=FMT  \\$a  BK
=040  \\$aUk$cUk
=245  10$a[Chronicles of Carlingford. [By Margaret O. Oliphant.]]$h[electronic resource]
=264  \1$aEdinburgh ;$aLondon :$bW. Blackwood & Sons,$c1863-66.
=300  \\$a3 volumes ;$c(8º)
=336  \\$atext$2rdacontent
=337  \\$acomputer$2rdamedia
=338  \\$aonline resource$2rdacarrier
=500  \\$aImperfect; wanting "Salem Chapel.".
=580  \\$aPart title: [Chronicles of Carlingford. [By Margaret O. Oliphant.]] The Rector and the Doctor's Family. Second edition. pp. 291. 1863.
=580  \\$aPart title: [Chronicles of Carlingford. [By Margaret O. Oliphant.]] The Perpetual Curate. A new edition. pp. 430. 1865.
=580  \\$aPart title: [Chronicles of Carlingford. [By Margaret O. Oliphant.]] Miss Marjoribanks. A new edition. pp. 452. 1866.
=700  1\$aOliphant,$cMrs.$q(Margaret),$d1828-1897.
=720  \\$aCARLINGFORD
=787  0\$tChronicles of Carlingford. [By Margaret O. Oliphant.]$w(Uk)MP1.0000639500$d9 vol. W. Blackwood & Sons: Edinburgh & London, 1863-66. 8º.
=787  0\$w(Uk)MP1.0000639500.1.1
=787  0\$w(Uk)MP1.0000639500.1.2
=787  0\$w(Uk)MP1.0000639500.1.3
=886  2\$2blmarc$a709$b00$aOLIPHANT$hMargaret Oliphant$p12633.bb.2.$x2412330131$p12635.cc.11.$x2412330131$x241233014X
=859  \\$aXLD$bMS Digitised
=883  0\$aLanguage codes assigned by Bayesian analysis of words present in record$d20201028$qUk$c0.9010
=985  \\$aUpgraded by BSS-generated file for WR1910-0531
=985  \\$aUpgraded by BSS-generated file for WR2011-1472
=985  \\$aCorrected by MS generated file for WR# 2206-0922 (250 field removed)
=CAT  \\$aBATCH-MSDN$b00$c20081114$lBLL01$h2142
=CAT  \\$aBATCH$b00$c20081115$lBLL01$h1540
=CAT  \\$aBATCH-MSDE$b00$c20081115$lBLL01$h1630
=CAT  \\$aBATCH$b00$c20081115$lBLL01$h1852
=CAT  \\$aBATCH-UPD$b00$c20100501$lBLL01$h0034
=CAT  \\$aWR12-140$c20121030$lBLL01$h1037
=CAT  \\$aWR13.117$c20130720$lBLL01$h1902
=CAT  \\$aWR14.046$c20140417$lBLL01$h1708
=CAT  \\$aWR13.144/5$c20140418$lBLL01$h1004
=CAT  \\$aWR11_211$c20141230$lBLL01$h1736
=CAT  \\$aBLSS-CORR$b00$c20141230$lBLL01$h1742
=CAT  \\$a1805-0738$c20181228$lBLL01$h1817
=CAT  \\$a1805-0738$b00$c20181228$lBLL01$h1904
=CAT  \\$aW1910-0531$b00$c20191108$lBLL01$h1855
=CAT  \\$aW2001-2376$c20200619$lBLL01$h1938
=CAT  \\$aW2011-1472$b00$c20201127$lBLL01$h1825
=CAT  \\$a7764$b40$c20210211$lBLL01$h1717
=CAT  \\$aW2206-0922$c20220615$lBLL01$h1707
=FIN  \\$aY$d20081115
=LKR  \\$aPAR$lBLL01$r776$b000608015$m[Chronicles of Carlingford. [By Margaret O. Oliphant.]]$n[Chronicles of Carlingford. [By Margaret O. Oliphant.]]
=DGM  \\$a000608015$bCatBridge variable field
=DRT  \\$aMSD
=SRC  \\$aMSD$bmsdig_000051
=SRC  \\$aMSD$bMSDIG_000050
=LAS  \\$aW2206-0922$b00$c20220615$lBLL01$h1707

