=LDR  04570 am a22011053  4500
=001  014803518
=003  Uk
=005  20210204094634.0
=007  cr\mn\024mpadp
=007  cr\mn\024mpada
=008  880205|1857||||enk\\\\|s\\\\\|||\||eng\\
=FMT  \\$a  BK
=040  \\$aUk$cUk
=100  1\$aCarlyle, Thomas,$d1795-1881.
=240  10$aWorks
=245  14$aThe Collected Works of Thomas Carlyle.$h[electronic resource]
=264  \1$aLondon :$bChapman & Hall,$c1857, 58.
=300  \\$a16 volumes ;$c(8º)
=336  \\$atext$2rdacontent
=337  \\$acomputer$2rdamedia
=338  \\$aonline resource$2rdacarrier
=580  \\$aPart title: The Collected Works of Thomas Carlyle. 1. The Life of Schiller. Life of Sterling.
=580  \\$aPart title: The Collected Works of Thomas Carlyle. 2-5. Critical and Miscellaneous Essays.
=580  \\$aPart title: The Collected Works of Thomas Carlyle. 6. Sartor Resartus. Lectures on Heroes.
=580  \\$aPart title: The Collected Works of Thomas Carlyle. 7, 8. The French Revolution.
=580  \\$aPart title: The Collected Works of Thomas Carlyle. 9. Chartism. Past and Present.
=580  \\$aPart title: The Collected Works of Thomas Carlyle. 10-12. Oliver Cromwell's Letters and Speeches.
=580  \\$aPart title: The Collected Works of Thomas Carlyle. 13. Latter-Day Pamphlets.
=580  \\$aPart title: The Collected Works of Thomas Carlyle. 14. Translations from the German: Musaeus, Tieck, Richter.
=580  \\$aPart title: The Collected Works of Thomas Carlyle. 15, 16. Translations from the German: Wilhelm Meister's Apprenticeship and Travels. General index.
=787  0\$w(Uk)MP1.0000640635.0.1
=787  0\$w(Uk)MP1.0000640635.0.2
=787  0\$w(Uk)MP1.0000640635.0.3
=787  0\$w(Uk)MP1.0000640635.0.4
=787  0\$w(Uk)MP1.0000640635.0.5
=787  0\$w(Uk)MP1.0000640635.0.6
=787  0\$w(Uk)MP1.0000640635.0.7
=787  0\$w(Uk)MP1.0000640635.0.8
=787  0\$w(Uk)MP1.0000640635.0.9
=859  \\$aXLD$bMS Digitised
=883  0\$aLanguage codes assigned by Bayesian analysis of words present in record$d20201028$qUk$c0.9010
=985  \\$aUpgraded by BSS-generated file for WR1910-0531
=985  \\$aUpgraded by BSS-generated file for WR2011-1472
=CAT  \\$aBATCH-MSDN$b00$c20081114$lBLL01$h2142
=CAT  \\$aBATCH-MSDE$b00$c20110201$lBLL01$h1108
=CAT  \\$aBATCH-MSDE$b00$c20110201$lBLL01$h1149
=CAT  \\$aBATCH-MSDE$b00$c20110201$lBLL01$h1258
=CAT  \\$aBATCH-MSDE$b00$c20110201$lBLL01$h1303
=CAT  \\$aBATCH-MSDE$b00$c20110201$lBLL01$h1311
=CAT  \\$aBATCH-MSDE$b00$c20110201$lBLL01$h1318
=CAT  \\$aWR12-140$c20121030$lBLL01$h1037
=CAT  \\$aBATCH-MSDE$b00$c20130227$lBLL01$h1542
=CAT  \\$aBATCH-MSDE$b00$c20130227$lBLL01$h1648
=CAT  \\$aBATCH-MSDE$b00$c20130227$lBLL01$h1701
=CAT  \\$aBATCH-MSDE$b00$c20130227$lBLL01$h1705
=CAT  \\$aBATCH-MSDE$b00$c20130227$lBLL01$h1715
=CAT  \\$aBATCH-MSDE$b00$c20130227$lBLL01$h1718
=CAT  \\$aMSD-SUPP$c20130227$lBLL01$h1832
=CAT  \\$aBATCH-UPD$b00$c20130318$lBLL01$h1049
=CAT  \\$aWR13.117$c20130720$lBLL01$h1902
=CAT  \\$aWR14.046$c20140417$lBLL01$h1708
=CAT  \\$aWR13.144/5$c20140418$lBLL01$h1004
=CAT  \\$aBATCH-UPD$b00$c20150410$lBLL01$h2137
=CAT  \\$a1805-0738$c20181228$lBLL01$h1817
=CAT  \\$a1805-0738$b00$c20181228$lBLL01$h1904
=CAT  \\$aW1910-0531$b00$c20191108$lBLL01$h1810
=CAT  \\$aW2001-2376$c20200619$lBLL01$h1938
=CAT  \\$aW2011-1472$b00$c20201127$lBLL01$h1825
=CAT  \\$a6490$b40$c20210204$lBLL01$h0946
=FIN  \\$aY$d20130227
=LKR  \\$aPAR$lBLL01$r776$b000609037$mThe Collected Works of Thomas Carlyle.$nThe Collected Works of Thomas Carlyle.
=DGM  \\$a000609037$bCatBridge variable field
=DRT  \\$aMSD
=SRC  \\$aMSD$bmsdig_000177
=SRC  \\$aMSD$bmsdig_000176
=SRC  \\$aMSD$bmsdig_000175
=SRC  \\$aMSD$bmsdig_000174
=SRC  \\$aMSD$bmsdig_000173
=SRC  \\$aMSD$bmsdig_000172
=SRC  \\$aMSD$bmsdig_000621
=SRC  \\$aMSD$bmsdig_000620
=SRC  \\$aMSD$bmsdig_000619
=SRC  \\$aMSD$bmsdig_000618
=SRC  \\$aMSD$bmsdig_000617
=SRC  \\$aMSD$bmsdig_000616
=SRC  \\$aMSD$bmsdig_000059
=SRC  \\$aMSD$bmsdig_000057
=SRC  \\$aMSD$bmsdig_000053
=SRC  \\$aMSD$bmsdig_000055
=SRC  \\$aMSD$bmsdig_000056
=SRC  \\$aMSD$bmsdig_000054
=SRC  \\$aMSD$bmsdig_000052
=SRC  \\$aMSD$bMSDIG_000050
=SRC  \\$aMSD$bmsdig_000051
=LAS  \\$a6490$b40$c20210204$lBLL01$h0946

