=LDR  02013 am a22005413  4500
=001  014803519
=003  Uk
=005  20210210100755.0
=007  cr\mn\024mpadp
=007  cr\mn\024mpada
=008  880205s1897\\\\enk\\\\\s\\\\\000\0\eng\\
=FMT  \\$a  BK
=040  \\$aUk$cUk
=100  1\$aCarlyle, Thomas,$d1795-1881.
=245  10$aLatter-day pamphlets$h[electronic resource] ;$band, Tales by Musæus, Tieck, Richter : translated from the German /$cby Thomas Carlyle.
=264  \1$aLondon :$bChapman and Hall,$c1897.
=300  \\$a2 parts ;$c(8º)
=336  \\$atext$2rdacontent
=337  \\$acomputer$2rdamedia
=338  \\$aonline resource$2rdacarrier
=650  \0$aSocial problems.
=651  \0$aGreat Britain$xSocial conditions.
=700  1\$aMusäus, Johann Karl August,$d1735-1787.
=700  1\$aTieck, Ludwig,$d1773-1853.
=700  0\$aJean Paul,$d1763-1825.
=700  12$aCarlyle, Thomas,$d1795-1881.$tTales from Musæus, Tieck, Richter.
=740  01$aTales from Musaeus, Tieck, Richter.
=740  01$aTales from Musäus, Tieck, Richter.
=859  \\$aXLD$bMS Digitised
=985  \\$aCorrected by MS generated file for WR# 1805-0738
=CAT  \\$aBATCH-MSDN$b00$c20081114$lBLL01$h2142
=CAT  \\$aBATCH$b00$c20081115$lBLL01$h1540
=CAT  \\$aBATCH-UPD$b00$c20100501$lBLL01$h0034
=CAT  \\$a8874$b40$c20120127$lBLL01$h1154
=CAT  \\$aWR13.117$c20130720$lBLL01$h1902
=CAT  \\$aWR14.046$c20140417$lBLL01$h1708
=CAT  \\$aWR13.144/5$c20140418$lBLL01$h1004
=CAT  \\$aBATCH-DCW$c20160710$lBLL01$h1803
=CAT  \\$a1805-0738$c20181228$lBLL01$h1817
=CAT  \\$a1805-0738$b00$c20181228$lBLL01$h1904
=CAT  \\$aW2001-2376$c20200619$lBLL01$h1938
=CAT  \\$a7764$b40$c20210210$lBLL01$h1007
=FIN  \\$aY$d20081114
=LKR  \\$aPAR$lBLL01$r776$b000609086$mLatter-Day Pamphlets$nLatter-Day Pamphlets
=DGM  \\$a000609086$bCatBridge variable field
=DRT  \\$aMSD
=SRC  \\$aMSD$bMSDIG_000050
=LAS  \\$a7764$b40$c20210210$lBLL01$h1007

