=LDR  02698 am a22006613  4500
=001  014803520
=003  Uk
=005  20210211154714.0
=007  cr\mn\024mpadp
=007  cr\mn\024mpada
=008  880301|1878||||stk\\\\|s\\\\||||\||eng\\
=FMT  \\$a  BK
=040  \\$aUk$cUk
=245  14$aThe Cheveley Novels. [By Valentine Durrant.]$h[electronic resource]
=264  \1$aEdinburgh ;$aLondon :$bW. Blackwood & Sons,$c1878, 79.
=300  \\$a4 volumes ;$c(8º)
=336  \\$atext$2rdacontent
=337  \\$acomputer$2rdamedia
=338  \\$aonline resource$2rdacarrier
=580  \\$aPart title: The Cheveley Novels. [By Valentine Durrant.] A Modern Minister ... With illustrations. 2 vol. 1878.
=580  \\$aPart title: The Cheveley Novels. [By Valentine Durrant.] Saul Weir. By the author of 'A Modern Minister' ... With illustrations. 2 vol. 1879.
=720  \\$aCHEVELEY NOVELS
=787  0\$w(Uk)MP1.0000716920.0.1
=787  0\$w(Uk)MP1.0000716920.0.2
=859  \\$aXLD$bMS Digitised
=883  0\$aLanguage codes assigned by Bayesian analysis of words present in record$d20201028$qUk$c0.9010
=985  \\$aUpgraded by BSS-generated file for WR1910-0531
=985  \\$aUpgraded by BSS-generated file for WR2011-1472
=CAT  \\$aBATCH-MSDN$b00$c20081114$lBLL01$h2142
=CAT  \\$aBATCH$b00$c20081115$lBLL01$h1540
=CAT  \\$aBATCH-MSDE$b00$c20081115$lBLL01$h1630
=CAT  \\$aBATCH$b00$c20081115$lBLL01$h1852
=CAT  \\$aBATCH-MSDE$b00$c20081116$lBLL01$h1156
=CAT  \\$aBATCH$b00$c20081116$lBLL01$h1402
=CAT  \\$aBATCH-MSDE$b00$c20081120$lBLL01$h1132
=CAT  \\$aBATCH$b00$c20081120$lBLL01$h1649
=CAT  \\$aBATCH-UPD$b00$c20100501$lBLL01$h0034
=CAT  \\$aWR12-140$c20121030$lBLL01$h1037
=CAT  \\$aWR13.117$c20130720$lBLL01$h1902
=CAT  \\$aWR14.046$c20140417$lBLL01$h1708
=CAT  \\$aWR13.144/5$c20140418$lBLL01$h1004
=CAT  \\$aWR11_211$c20141230$lBLL01$h1736
=CAT  \\$aBLSS-CORR$b00$c20141230$lBLL01$h1742
=CAT  \\$a1805-0738$c20181228$lBLL01$h1817
=CAT  \\$a1805-0738$b00$c20181228$lBLL01$h1904
=CAT  \\$aW1910-0531$b00$c20191108$lBLL01$h1855
=CAT  \\$aW2001-2376$c20200619$lBLL01$h1938
=CAT  \\$aW2011-1472$b00$c20201127$lBLL01$h1825
=CAT  \\$a7764$b40$c20210211$lBLL01$h1547
=FIN  \\$aY$d20081120
=LKR  \\$aPAR$lBLL01$r776$b000681300$mThe Cheveley Novels. [By Valentine Durrant.]$nThe Cheveley Novels. [By Valentine Durrant.]
=DGM  \\$a000681300$bCatBridge variable field
=DRT  \\$aMSD
=SRC  \\$aMSD$bmsdig_000053
=SRC  \\$aMSD$bmsdig_000052
=SRC  \\$aMSD$bMSDIG_000050
=SRC  \\$aMSD$bmsdig_000051
=LAS  \\$a7764$b40$c20210211$lBLL01$h1547

