=LDR  02870 am a22006613  4500
=001  014803521
=003  Uk
=005  20210208134309.0
=007  cr\mn\024mpadp
=007  cr\mn\024mpada
=008  971218s1701\\\\enk\\\\\s\\\\\000\p\eng\\
=FMT  \\$a  BK
=040  \\$aUk$cUk$dUk
=245  02$aA Collection of Poems$h[electronic resource] :$bviz. The Temple of Death: by the Marquis of Normanby. An Epistle to the Earl of Dorset: by Charles Montague, Lord Halifax. The Duel of the Stags: by Sir Robert Howard. With several original poems, never before printed, by the E. of Roscommon, the E. of Rochester, the E. of Orrery, Sir Charles Sedley, Sir George Etherege, Mr. Granville, Mr. Stepney, Mr. Dryden, &c.
=246  3\$aTemple of death
=246  3\$aDuel of the stags
=246  3\$aEpistle to the Right Honourable Charles, Earl of Dorset and Middlesex
=264  \1$aLondon :$bDaniel Brown; Benjamin Tooke,$c1701.
=300  \\$a453 pages ;$c(8º)
=336  \\$atext$2rdacontent
=337  \\$acomputer$2rdamedia
=338  \\$aonline resource$2rdacarrier
=340  \\$m8vo$2rdabf
=500  \\$aA further expansion of "A collection of poems by several hands" (1672) - CBEL.
=650  \0$aEnglish poetry$yEarly modern, 1500-1700.
=700  1\$aHoward, Robert,$cSir,$d1626-1698.
=700  1\$aBuckingham, John Sheffield,$cDuke of,$d1647-1721.
=700  1\$aHalifax, Charles Montagu$cEarl of,$d1661-1715.
=700  1\$aEtherege, George,$d1636-1691 or 1692.
=700  1\$aSedley, Charles,$cSir,$d1639?-1701.
=700  1\$aSTEPNEY, George.
=859  \\$aXLD$bMS Digitised
=985  \\$aCorrected by MS generated file for WR# 1805-0738
=CAT  \\$aBATCH-MSDN$b00$c20081114$lBLL01$h2142
=CAT  \\$aBATCH$b00$c20081115$lBLL01$h1540
=CAT  \\$aBATCH-UPD$b00$c20100501$lBLL01$h0034
=CAT  \\$a8874$b40$c20120127$lBLL01$h1339
=CAT  \\$aBATCH-UPD$b40$c20120704$lBLL01$h2022
=CAT  \\$aBATCH-UPD$b40$c20121013$lBLL01$h1856
=CAT  \\$a7416$b40$c20130628$lBLL01$h1829
=CAT  \\$a7416$b40$c20130701$lBLL01$h1107
=CAT  \\$aWR13.117$c20130720$lBLL01$h1902
=CAT  \\$aBATCH-UPD$b00$c20130801$lBLL01$h0711
=CAT  \\$aBATCH-UPD$b00$c20130819$lBLL01$h2027
=CAT  \\$aBATCH-UPD$b00$c20130829$lBLL01$h2038
=CAT  \\$aBATCH-UPD$b00$c20131011$lBLL01$h2057
=CAT  \\$aWR14.046$c20140417$lBLL01$h1708
=CAT  \\$aWR13.144/5$c20140418$lBLL01$h1004
=CAT  \\$aBATCH-DCW$c20160710$lBLL01$h1803
=CAT  \\$a1805-0738$c20181228$lBLL01$h1817
=CAT  \\$a1805-0738$b00$c20181228$lBLL01$h1904
=CAT  \\$a6490$b40$c20210208$lBLL01$h1343
=FIN  \\$aY$d20081114
=LKR  \\$aPAR$lBLL01$r776$b000744707$mA Collection of Poems$nA Collection of Poems
=DGM  \\$a000744707$bCatBridge variable field
=DRT  \\$aMSD
=SRC  \\$aMSD$bMSDIG_000050
=LAS  \\$a6490$b40$c20210208$lBLL01$h1343

