=LDR  01780 am a22004813  4500
=001  014803522
=003  Uk
=005  20210210100432.0
=007  cr\mn\024mpadp
=007  cr\mn\024mpada
=008  880405s1898\\\\enk\\\\\s\\\\\000\j\eng\\
=FMT  \\$a  BK
=040  \\$aUk$cUk$dUk
=245  00$aUnder one cover$h[electronic resource] :$beleven stories by S. Baring-Gould, Richard Marsh, Ernest G. Henham, Fergus Hume, Andrew Merry, and A. St. John Adcock.
=260  \\$aLondon :$bSkeffington & Son,$c1898.
=300  \\$a255 p. ;$c20 cm.
=336  \\$atext$2rdacontent
=337  \\$acomputer$2rdamedia
=338  \\$aonline resource$2rdacarrier
=700  1\$aAdcock, Arthur St. John,$d1864-1930.
=700  1\$aBaring-Gould, S.$q(Sabine),$d1834-1924.
=700  1\$aHenham, Ernest G.$q(Ernest George),$d1870-
=700  1\$aHume, Fergus,$d1859-1932.
=700  1\$aMERRY, Andrew,$cpseud. [i.e. Mildred H. G. Darby.]
=700  1\$aMarsh, Richard,$d1851-1933.
=859  \\$aXLD$bMS Digitised
=985  \\$aRecord amended for WR# 13/070
=CAT  \\$aBATCH-MSDN$b00$c20081114$lBLL01$h2142
=CAT  \\$aBATCH$b00$c20081115$lBLL01$h1540
=CAT  \\$aBATCH-UPD$b00$c20100501$lBLL01$h0034
=CAT  \\$a8874$b40$c20120127$lBLL01$h1448
=CAT  \\$aWR13_070$b00$c20130504$lBLL01$h0307
=CAT  \\$aWR13.117$c20130720$lBLL01$h1902
=CAT  \\$aWR14.046$c20140417$lBLL01$h1708
=CAT  \\$aWR13.144/5$c20140418$lBLL01$h1004
=CAT  \\$aBATCH-DCW$c20160710$lBLL01$h1803
=CAT  \\$a7764$b40$c20210210$lBLL01$h1004
=FIN  \\$aY$d20081114
=LKR  \\$aPAR$lBLL01$r776$b000803996$mUnder one cover$nUnder one cover
=DGM  \\$a000803996$bCatBridge variable field
=DRT  \\$aMSD
=SRC  \\$aMSD$bMSDIG_000050
=LAS  \\$a7764$b40$c20210210$lBLL01$h1004

