=LDR  01810 am a22004333  4500
=001  014803523
=003  Uk
=005  20210204105919.0
=007  cr\mn\024mpadp
=007  cr\mn\024mpada
=008  880421|1849|||||||\\\\|s\\\\\|||\||eng\\
=FMT  \\$a  BK
=040  \\$aUk$cUk
=100  1\$aDAWES, Richard,$cM.A., Master of the Grammar School, Newcastle-upon-Tyne.
=245  14$aThe Origin of the Newcastle Burr. [A satirical poem. A reprint of the second edition published anonymously in 1767.]$h[electronic resource]
=300  \\$a22 p.
=336  \\$atext$2rdacontent
=337  \\$acomputer$2rdamedia
=338  \\$aonline resource$2rdacarrier
=580  \\$aIn: Reprints of Rare Tracts, etc. Historical. vol. 3. 1849. 8º.
=859  \\$aXLD$bMS Digitised
=985  \\$aCorrected by MS generated file for WR# 11/211
=CAT  \\$aBATCH-MSDN$b00$c20081114$lBLL01$h2142
=CAT  \\$aBATCH$b00$c20081115$lBLL01$h1540
=CAT  \\$aBATCH-UPD$b00$c20100501$lBLL01$h0034
=CAT  \\$aWR12-140$c20121030$lBLL01$h1036
=CAT  \\$aWR13.117$c20130720$lBLL01$h1902
=CAT  \\$aWR14.046$c20140417$lBLL01$h1708
=CAT  \\$aWR13.144/5$c20140418$lBLL01$h1004
=CAT  \\$aWR11_211$c20141230$lBLL01$h1736
=CAT  \\$aBLSS-CORR$b00$c20141230$lBLL01$h1742
=CAT  \\$aW1807-0595$c20180717$lBLL01$h1728
=CAT  \\$a6490$b40$c20210204$lBLL01$h1059
=FIN  \\$aY$d20081114
=LKR  \\$aPAR$lBLL01$r776$b000882227$mThe Origin of the Newcastle Burr. [A satirical poem. A reprint of the second edition published anonymously in 1767.]$nThe Origin of the Newcastle Burr. [A satirical poem. A reprint of the second edition published anonymously in 1767.]
=DGM  \\$a000882227$bCatBridge variable field
=DRT  \\$aMSD
=SRC  \\$aMSD$bMSDIG_000050
=LAS  \\$a6490$b40$c20210204$lBLL01$h1059

