=LDR  05310 am a22011173  4500
=001  014803524
=003  Uk
=005  20210211155033.0
=007  cr\mn\024mpadp
=007  cr\mn\024mpada
=008  880505|1877|||||||\\\\|s\\\\\|||\||eng\\
=FMT  \\$a  BK
=040  \\$aUk$cUk
=100  1\$aDe Quincey, Thomas,$d1785-1859.
=240  10$aWorks
=245  14$aThe Works of Thomas de Quincey. Riverside edition.$h[electronic resource]
=264  \1$aNew York :$bHurd & Houghton,$c1877.
=300  \\$a12 volumes ;$c(8º)
=336  \\$atext$2rdacontent
=337  \\$acomputer$2rdamedia
=338  \\$aonline resource$2rdacarrier
=500  \\$aA reissue, with alterations, of the stereotyped edition published by Ticknor & Fields, Boston. Vol. 2 is imperfect, wanting all after p. 18; pp. 25-636 of vol. 7 have been bound in, in place of the missing leaves.
=580  \\$aPart title: The Works of Thomas de Quincey. Riverside edition. 1. Confessions of an English Opium-Eater, and kindred papers. pp. 615.
=580  \\$aPart title: The Works of Thomas de Quincey. Riverside edition. 2. Autobiographic Sketches. pp. vi. 1-18.
=580  \\$aPart title: The Works of Thomas de Quincey. Riverside edition. 3. Literary Reminiscences, etc. pp. 712.
=580  \\$aPart title: The Works of Thomas de Quincey. Riverside edition. 4. Literary Criticism. pp. 577.
=580  \\$aPart title: The Works of Thomas de Quincey. Riverside edition. 5. The Eighteenth Century in Scholarship and Literature. pp. xxiv. 632.
=580  \\$aPart title: The Works of Thomas de Quincey. Riverside edition. 6. Biographical and Historical Essays. pp. vi. 620.
=580  \\$aPart title: The Works of Thomas de Quincey. Riverside edition. 7. Essays in Ancient History and Antiquities. pp. 636.
=580  \\$aPart title: The Works of Thomas de Quincey. Riverside edition. 8. Essays on Christianity, Paganism, and Superstition. pp. 645.
=580  \\$aPart title: The Works of Thomas de Quincey. Riverside edition. 9. Essays in Philosophy. pp. 623.
=580  \\$aPart title: The Works of Thomas de Quincey. Riverside edition. 10. Politics and Political Economy. pp. xii. 622.
=580  \\$aPart title: The Works of Thomas de Quincey. Riverside edition. 11. Romances and Extravaganzas. pp. 663.
=580  \\$aPart title: The Works of Thomas de Quincey. Riverside edition. 12. Narrative and Miscellaneous Papers ... With a general index, etc. pp. xxiv. 586.
=787  0\$w(Uk)MP1.0000960758.0.1
=787  0\$w(Uk)MP1.0000960758.0.2
=787  0\$w(Uk)MP1.0000960758.0.3
=787  0\$w(Uk)MP1.0000960758.0.4
=787  0\$w(Uk)MP1.0000960758.0.5
=787  0\$w(Uk)MP1.0000960758.0.6
=787  0\$w(Uk)MP1.0000960758.0.7
=787  0\$w(Uk)MP1.0000960758.0.8
=787  0\$w(Uk)MP1.0000960758.0.9
=787  0\$w(Uk)MP1.0000960758.0.10
=787  0\$w(Uk)MP1.0000960758.0.11
=787  0\$w(Uk)MP1.0000960758.0.12
=859  \\$aXLD$bMS Digitised
=883  0\$aLanguage codes assigned by Bayesian analysis of words present in record$d20201028$qUk$c0.9010
=985  \\$aCorrected by MS generated file for WR# 1805-0738
=985  \\$aUpgraded by BSS-generated file for WR2011-1472
=CAT  \\$aBATCH-MSDN$b00$c20081114$lBLL01$h2142
=CAT  \\$aBATCH-MSDE$b00$c20081120$lBLL01$h1132
=CAT  \\$aBATCH$b00$c20081120$lBLL01$h1649
=CAT  \\$aBATCH-MSDE$b00$c20081127$lBLL01$h1627
=CAT  \\$aBATCH$b00$c20081127$lBLL01$h1758
=CAT  \\$aBATCH-MSDE$b00$c20081203$lBLL01$h1750
=CAT  \\$aBATCH$b00$c20081203$lBLL01$h1900
=CAT  \\$aBATCH-UPD$b00$c20100501$lBLL01$h0034
=CAT  \\$aBATCH-MSDE$b00$c20110201$lBLL01$h1149
=CAT  \\$aBATCH-MSDE$b00$c20110201$lBLL01$h1258
=CAT  \\$aBATCH-MSDE$b00$c20110201$lBLL01$h1303
=CAT  \\$aWR12-140$c20121030$lBLL01$h1037
=CAT  \\$aBATCH-MSDE$b00$c20130227$lBLL01$h1542
=CAT  \\$aBATCH-MSDE$b00$c20130227$lBLL01$h1648
=CAT  \\$aBATCH-MSDE$b00$c20130227$lBLL01$h1701
=CAT  \\$aMSD-SUPP$c20130227$lBLL01$h1832
=CAT  \\$aBATCH-UPD$b00$c20130318$lBLL01$h1049
=CAT  \\$aWR13.117$c20130720$lBLL01$h1902
=CAT  \\$aWR14.046$c20140417$lBLL01$h1708
=CAT  \\$aWR13.144/5$c20140418$lBLL01$h1004
=CAT  \\$aBATCH-UPD$b00$c20150813$lBLL01$h2128
=CAT  \\$a1805-0738$c20181228$lBLL01$h1817
=CAT  \\$a1805-0738$b00$c20181228$lBLL01$h1904
=CAT  \\$aW2001-2376$c20200619$lBLL01$h1938
=CAT  \\$aW2011-1472$b00$c20201127$lBLL01$h1825
=CAT  \\$a7764$b40$c20210211$lBLL01$h1550
=FIN  \\$aY$d20130227
=LKR  \\$aPAR$lBLL01$r776$b000913795$mThe Works of Thomas de Quincey. Riverside edition.$nThe Works of Thomas de Quincey. Riverside edition.
=DGM  \\$a000913795$bCatBridge variable field
=DRT  \\$aMSD
=SRC  \\$aMSD$bmsdig_000174
=SRC  \\$aMSD$bmsdig_000173
=SRC  \\$aMSD$bmsdig_000172
=SRC  \\$aMSD$bmsdig_000619
=SRC  \\$aMSD$bmsdig_000618
=SRC  \\$aMSD$bmsdig_000617
=SRC  \\$aMSD$bmsdig_000059
=SRC  \\$aMSD$bmsdig_000057
=SRC  \\$aMSD$bmsdig_000053
=SRC  \\$aMSD$bmsdig_000055
=SRC  \\$aMSD$bmsdig_000056
=SRC  \\$aMSD$bmsdig_000054
=SRC  \\$aMSD$bmsdig_000052
=SRC  \\$aMSD$bMSDIG_000050
=SRC  \\$aMSD$bmsdig_000051
=LAS  \\$a7764$b40$c20210211$lBLL01$h1550

