=LDR  05722 am a22013213  4500
=001  014803525
=003  Uk
=005  20210203142409.0
=007  cr\mn\024mpadp
=007  cr\mn\024mpada
=008  980211|1858||||enk\\\\|s\\\\\|||\||eng\\
=FMT  \\$a  BK
=040  \\$aUk$cUk
=100  1\$aDickens, Charles,$d1812-1870.
=240  10$aWorks
=245  10$aWorks of Charles Dickens. Library edition.$h[electronic resource]
=264  \1$aLondon :$bChapman & Hall; Bradbury & Evans,$c1858, 59.
=300  \\$a22 volumes ;$c(8º)
=336  \\$atext$2rdacontent
=337  \\$acomputer$2rdamedia
=338  \\$aonline resource$2rdacarrier
=500  \\$aEach volume has an additional titlepage, engraved. The titles are taken from the series half-titles.
=580  \\$aPart title: Works of Charles Dickens. Library edition. 1, 2. The Pickwick Papers. 2 vol. 1858.
=580  \\$aPart title: Works of Charles Dickens. Library edition. 3, 4. Nicholas Nickleby. 2 vol. 1858.
=580  \\$aPart title: Works of Charles Dickens. Library edition. 5, 6. Martin Chuzzlewit. 2 vol. 1858.
=580  \\$aPart title: Works of Charles Dickens. Library edition. 7, 8. The Old Curiosity Shop (and Reprinted Pieces). 2 vol. 1858.
=580  \\$aPart title: Works of Charles Dickens. Library edition. 9, 10. Barnaby Rudge (and Hard Times). 2 vol. 1858.
=580  \\$aPart title: Works of Charles Dickens. Library edition. 11. Sketches by Boz. pp. xii. 475. 1858.
=580  \\$aPart title: Works of Charles Dickens. Library edition. 12. Oliver Twist. pp. xvi. 438. 1858.
=580  \\$aPart title: Works of Charles Dickens. Library edition. 13, 14. Dombey and Son. 2 vol. 1859.
=580  \\$aPart title: Works of Charles Dickens. Library edition. 15, 16. David Copperfield. 2 vol. 1859.
=580  \\$aPart title: Works of Charles Dickens. Library edition. 17. Pictures from Italy; and American Notes. pp. vii. 437. 1859.
=580  \\$aPart title: Works of Charles Dickens. Library edition. 18, 19. Bleak House. 2 vol. 1859.
=580  \\$aPart title: Works of Charles Dickens. Library edition. 20, 21. Little Dorrit. 2 vol. 1859.
=580  \\$aPart title: Works of Charles Dickens. Library edition. 22. Christmas Books. pp. iv. 412. 1859.
=787  0\$tWorks of Charles Dickens. Library edition.$w(Uk)MP1.0000980054.1$d30 vol. Chapman & Hall; Bradbury and Evans: London, 1861-[c. 1885]. 8º.
=787  0\$t[Works of Charles Dickens. Library edition.]$w(Uk)MP1.0000980054.2
=787  0\$w(Uk)MP1.0000980054.0.1
=787  0\$w(Uk)MP1.0000980054.0.2
=787  0\$w(Uk)MP1.0000980054.0.3
=787  0\$w(Uk)MP1.0000980054.0.4
=787  0\$w(Uk)MP1.0000980054.0.5
=787  0\$w(Uk)MP1.0000980054.0.6
=787  0\$w(Uk)MP1.0000980054.0.7
=787  0\$w(Uk)MP1.0000980054.0.8
=787  0\$w(Uk)MP1.0000980054.0.9
=787  0\$w(Uk)MP1.0000980054.0.10
=787  0\$w(Uk)MP1.0000980054.0.11
=787  0\$w(Uk)MP1.0000980054.0.12
=787  0\$w(Uk)MP1.0000980054.0.13
=859  \\$aXLD$bMS Digitised
=883  0\$aLanguage codes assigned by Bayesian analysis of words present in record$d20201028$qUk$c0.9010
=985  \\$aUpgraded by BSS-generated file for WR1910-0531
=985  \\$aUpgraded by BSS-generated file for WR2011-1472
=CAT  \\$aBATCH-MSDN$b00$c20081114$lBLL01$h2142
=CAT  \\$aBATCH-MSDE$b00$c20110201$lBLL01$h1531
=CAT  \\$aWR12-140$c20121030$lBLL01$h1037
=CAT  \\$aBATCH-MSDE$b00$c20130227$lBLL01$h1542
=CAT  \\$aBATCH-MSDE$b00$c20130227$lBLL01$h1648
=CAT  \\$aBATCH-MSDE$b00$c20130227$lBLL01$h1701
=CAT  \\$aBATCH-MSDE$b00$c20130227$lBLL01$h1705
=CAT  \\$aBATCH-MSDE$b00$c20130227$lBLL01$h1715
=CAT  \\$aBATCH-MSDE$b00$c20130227$lBLL01$h1718
=CAT  \\$aBATCH-MSDE$b00$c20130227$lBLL01$h1720
=CAT  \\$aBATCH-MSDE$b00$c20130227$lBLL01$h1723
=CAT  \\$aBATCH-MSDE$b00$c20130227$lBLL01$h1725
=CAT  \\$aBATCH-MSDE$b00$c20130227$lBLL01$h1727
=CAT  \\$aMSD-SUPP$c20130227$lBLL01$h1832
=CAT  \\$aBATCH-UPD$b00$c20130318$lBLL01$h1049
=CAT  \\$aWR13.117$c20130720$lBLL01$h1902
=CAT  \\$aWR14.046$c20140417$lBLL01$h1708
=CAT  \\$aWR13.144/5$c20140418$lBLL01$h1004
=CAT  \\$aBATCH-UPD$b00$c20150426$lBLL01$h2308
=CAT  \\$a1805-0738$c20181228$lBLL01$h1817
=CAT  \\$a1805-0738$b00$c20181228$lBLL01$h1904
=CAT  \\$aW1910-0531$b00$c20191108$lBLL01$h1810
=CAT  \\$aW2001-2376$c20200619$lBLL01$h1938
=CAT  \\$a8250$b40$c20201015$lBLL01$h1201
=CAT  \\$aW2011-1472$b00$c20201127$lBLL01$h1825
=CAT  \\$a6490$b40$c20210203$lBLL01$h1424
=FIN  \\$aY$d20130227
=DGM  \\$a000930551$bCatBridge variable field
=DRT  \\$aMSD
=SRC  \\$aMSD$bmsdig_000181
=SRC  \\$aMSD$bmsdig_000180
=SRC  \\$aMSD$bmsdig_000179
=SRC  \\$aMSD$bmsdig_000178
=SRC  \\$aMSD$bmsdig_000177
=SRC  \\$aMSD$bmsdig_000176
=SRC  \\$aMSD$bmsdig_000175
=SRC  \\$aMSD$bmsdig_000174
=SRC  \\$aMSD$bmsdig_000173
=SRC  \\$aMSD$bmsdig_000172
=SRC  \\$aMSD$bmsdig_000626
=SRC  \\$aMSD$bmsdig_000625
=SRC  \\$aMSD$bmsdig_000624
=SRC  \\$aMSD$bmsdig_000623
=SRC  \\$aMSD$bmsdig_000622
=SRC  \\$aMSD$bmsdig_000621
=SRC  \\$aMSD$bmsdig_000620
=SRC  \\$aMSD$bmsdig_000619
=SRC  \\$aMSD$bmsdig_000618
=SRC  \\$aMSD$bmsdig_000617
=SRC  \\$aMSD$bmsdig_000059
=SRC  \\$aMSD$bmsdig_000057
=SRC  \\$aMSD$bmsdig_000053
=SRC  \\$aMSD$bmsdig_000055
=SRC  \\$aMSD$bmsdig_000056
=SRC  \\$aMSD$bmsdig_000054
=SRC  \\$aMSD$bmsdig_000052
=SRC  \\$aMSD$bMSDIG_000050
=SRC  \\$aMSD$bmsdig_000051
=LAS  \\$a6490$b40$c20210203$lBLL01$h1424

