=LDR  02309 am a22006253  4500
=001  014803526
=003  Uk
=005  20210211162350.0
=007  cr\mn\024mpadp
=007  cr\mn\024mpada
=008  880516m18721873nyu\\\\\s\\\\\|||\||eng\\
=FMT  \\$a  BK
=040  \\$aUk$cUk
=100  1\$aDickens, Charles,$d1812-1870.
=240  10$aWorks
=245  14$aThe works of Charles Dickens.
=250  \\$aHousehold edition.
=264  \1$aNew York :$bHarper & Bros,$c1872-1873.
=300  \\$a4 volumes :$billustrations ;$c(8º)
=336  \\$atext$2rdacontent
=337  \\$acomputer$2rdamedia
=338  \\$aonline resource$2rdacarrier
=505  0\$aThe old curiosity shop -- The posthumous papers of the Pickwick Club -- Dombey and son -- The Life and Adventures of Nicholas Nickleby.
=859  \\$aXLD$bMS Digitised
=985  \\$aRecord amended for WR# 13/070
=985  \\$aCorrected by MS generated file for WR# 1805-0738
=CAT  \\$aBATCH-MSDN$b00$c20081114$lBLL01$h2142
=CAT  \\$aBATCH$b00$c20081115$lBLL01$h1540
=CAT  \\$aBATCH-MSDE$b00$c20081115$lBLL01$h1630
=CAT  \\$aBATCH$b00$c20081115$lBLL01$h1852
=CAT  \\$aBATCH-MSDE$b00$c20081116$lBLL01$h1156
=CAT  \\$aBATCH$b00$c20081116$lBLL01$h1402
=CAT  \\$aBATCH-MSDE$b00$c20081120$lBLL01$h1132
=CAT  \\$aBATCH$b00$c20081120$lBLL01$h1649
=CAT  \\$aBATCH-UPD$b00$c20100501$lBLL01$h0034
=CAT  \\$aWR12-140$c20121030$lBLL01$h1037
=CAT  \\$aWR13_070$b00$c20130504$lBLL01$h0307
=CAT  \\$aWR13.117$c20130720$lBLL01$h1902
=CAT  \\$aWR14.046$c20140417$lBLL01$h1708
=CAT  \\$aWR13.144/5$c20140418$lBLL01$h1004
=CAT  \\$aBATCH-UPD$b00$c20150426$lBLL01$h2308
=CAT  \\$a1805-0738$c20181228$lBLL01$h1817
=CAT  \\$a1805-0738$b00$c20181228$lBLL01$h1904
=CAT  \\$a8874$b40$c20191023$lBLL01$h1353
=CAT  \\$aW2001-2376$c20200619$lBLL01$h1938
=CAT  \\$a7764$b40$c20210211$lBLL01$h1623
=FIN  \\$aY$d20081120
=LKR  \\$aPAR$lBLL01$r776$b000930635$mThe works of Charles Dickens.$nThe works of Charles Dickens.
=DGM  \\$a000930635$bCatBridge variable field
=DRT  \\$aMSD
=SRC  \\$aMSD$bmsdig_000053
=SRC  \\$aMSD$bmsdig_000052
=SRC  \\$aMSD$bMSDIG_000050
=SRC  \\$aMSD$bmsdig_000051
=LAS  \\$a7764$b40$c20210211$lBLL01$h1623

