=LDR  04182 am a22012133  4500
=001  014803527
=003  Uk
=005  20210211161346.0
=007  cr\mn\024mpadp
=007  cr\mn\024mpada
=008  880516|1876|||||||\\\\|s\\\\\|||\||eng\\
=FMT  \\$a  BK
=040  \\$aUk$cUk
=100  1\$aDickens, Charles,$d1812-1870.
=240  10$aWorks
=245  10$aWorks of Charles Dickens.
=250  \\$aNew illustrated library edition.
=264  \1$aNew York :$bHurd & Houghton,$c1876-1877.
=300  \\$a29 volumes ;$c(8º)
=336  \\$atext$2rdacontent
=337  \\$acomputer$2rdamedia
=338  \\$aonline resource$2rdacarrier
=500  \\$aWith a preface to each work by Edwin P. Whipple.
=500  \\$aThe text of vol. 1-25 and 29 is printed from plates of the Library Edition of 1861, etc.
=859  \\$aXLD$bMS Digitised
=883  0\$aLanguage codes assigned by Bayesian analysis of words present in record$d20201028$qUk$c0.9010
=985  \\$aCorrected by MS generated file for WR# 1805-0738
=985  \\$aUpgraded by BSS-generated file for WR2011-1472
=CAT  \\$aBATCH-MSDN$b00$c20081114$lBLL01$h2142
=CAT  \\$aBATCH-MSDE$b00$c20130227$lBLL01$h1718
=CAT  \\$aBATCH-MSDE$b00$c20130227$lBLL01$h1720
=CAT  \\$aBATCH-MSDE$b00$c20130227$lBLL01$h1723
=CAT  \\$aBATCH-MSDE$b00$c20130227$lBLL01$h1725
=CAT  \\$aBATCH-MSDE$b00$c20130227$lBLL01$h1727
=CAT  \\$aBATCH-MSDE$b00$c20130227$lBLL01$h1731
=CAT  \\$aBATCH-MSDE$b00$c20130227$lBLL01$h1732
=CAT  \\$aBATCH-MSDE$b00$c20130227$lBLL01$h1734
=CAT  \\$aBATCH-MSDE$b00$c20130227$lBLL01$h1736
=CAT  \\$aBATCH-MSDE$b00$c20130227$lBLL01$h1737
=CAT  \\$aBATCH-MSDE$b00$c20130227$lBLL01$h1739
=CAT  \\$aBATCH-MSDE$b00$c20130227$lBLL01$h1740
=CAT  \\$aBATCH-MSDE$b00$c20130227$lBLL01$h1742
=CAT  \\$aMSD-SUPP$c20130227$lBLL01$h1832
=CAT  \\$aBATCH-UPD$b00$c20130318$lBLL01$h1049
=CAT  \\$aWR13.117$c20130720$lBLL01$h1902
=CAT  \\$aWR14.046$c20140417$lBLL01$h1708
=CAT  \\$aWR13.144/5$c20140418$lBLL01$h1004
=CAT  \\$aBATCH-UPD$b00$c20150426$lBLL01$h2308
=CAT  \\$a1805-0738$c20181228$lBLL01$h1817
=CAT  \\$a1805-0738$b00$c20181228$lBLL01$h1904
=CAT  \\$a8874$b40$c20191028$lBLL01$h1442
=CAT  \\$aW2001-2376$c20200619$lBLL01$h1938
=CAT  \\$aW2011-1472$b00$c20201127$lBLL01$h1825
=CAT  \\$a7764$b40$c20210211$lBLL01$h1613
=FIN  \\$aY$d20130227
=LKR  \\$aPAR$lBLL01$r776$b000930640$mWorks of Charles Dickens.$nWorks of Charles Dickens.
=DGM  \\$a000930640$bCatBridge variable field
=DRT  \\$aMSD
=SRC  \\$aMSD$bmsdig_000189
=SRC  \\$aMSD$bmsdig_000188
=SRC  \\$aMSD$bmsdig_000187
=SRC  \\$aMSD$bmsdig_000186
=SRC  \\$aMSD$bmsdig_000185
=SRC  \\$aMSD$bmsdig_000184
=SRC  \\$aMSD$bmsdig_000183
=SRC  \\$aMSD$bmsdig_000182
=SRC  \\$aMSD$bmsdig_000181
=SRC  \\$aMSD$bmsdig_000180
=SRC  \\$aMSD$bmsdig_000179
=SRC  \\$aMSD$bmsdig_000178
=SRC  \\$aMSD$bmsdig_000177
=SRC  \\$aMSD$bmsdig_000176
=SRC  \\$aMSD$bmsdig_000175
=SRC  \\$aMSD$bmsdig_000174
=SRC  \\$aMSD$bmsdig_000173
=SRC  \\$aMSD$bmsdig_000172
=SRC  \\$aMSD$bmsdig_000634
=SRC  \\$aMSD$bmsdig_000633
=SRC  \\$aMSD$bmsdig_000632
=SRC  \\$aMSD$bmsdig_000631
=SRC  \\$aMSD$bmsdig_000630
=SRC  \\$aMSD$bmsdig_000629
=SRC  \\$aMSD$bmsdig_000628
=SRC  \\$aMSD$bmsdig_000627
=SRC  \\$aMSD$bmsdig_000626
=SRC  \\$aMSD$bmsdig_000625
=SRC  \\$aMSD$bmsdig_000624
=SRC  \\$aMSD$bmsdig_000623
=SRC  \\$aMSD$bmsdig_000622
=SRC  \\$aMSD$bmsdig_000621
=SRC  \\$aMSD$bmsdig_000620
=SRC  \\$aMSD$bmsdig_000619
=SRC  \\$aMSD$bmsdig_000618
=SRC  \\$aMSD$bmsdig_000617
=SRC  \\$aMSD$bmsdig_000059
=SRC  \\$aMSD$bmsdig_000057
=SRC  \\$aMSD$bmsdig_000053
=SRC  \\$aMSD$bmsdig_000055
=SRC  \\$aMSD$bmsdig_000056
=SRC  \\$aMSD$bmsdig_000054
=SRC  \\$aMSD$bmsdig_000052
=SRC  \\$aMSD$bMSDIG_000050
=SRC  \\$aMSD$bmsdig_000051
=LAS  \\$a7764$b40$c20210211$lBLL01$h1613

