=LDR  02500 aa a22006013  4500
=001  014803528
=003  Uk
=005  20210211115724.0
=007  cr\mn\024mpadp
=007  cr\mn\024mpada
=008  880516||||||||||||\\\\|s\\\\\|||\||eng\\
=FMT  \\$a  BK
=040  \\$aUk$cUk
=100  1\$aDickens, Charles,$d1812-1870.
=245  14$aThe Works of Dickens. (The Authentic edition.) [With plates after the original illustrations.].$p10. David Copperfield. pp. xvi. 735. [c. 1905.]$h[electronic resource]
=336  \\$atext$2rdacontent
=337  \\$acomputer$2rdamedia
=338  \\$aonline resource$2rdacarrier
=580  \\$aPart of: The Works of Dickens. (The Authentic edition.) [With plates after the original illustrations.]
=787  0\$w(Uk)MP1.0000980080
=859  \\$aXLD$bMS Digitised
=883  0\$aLanguage codes assigned by Bayesian analysis of words present in record$d20201028$qUk$c0.9010
=985  \\$aUpgraded by BSS-generated file for WR2011-1472
=CAT  \\$aBATCH-MSDN$b00$c20081114$lBLL01$h2142
=CAT  \\$aBATCH$b00$c20081115$lBLL01$h1540
=CAT  \\$aBATCH-UPD$b00$c20100501$lBLL01$h0034
=CAT  \\$aWR12-140$c20121030$lBLL01$h1036
=CAT  \\$aBATCH-MSDE$b00$c20130227$lBLL01$h1542
=CAT  \\$aBATCH-MSDE$b00$c20130227$lBLL01$h1648
=CAT  \\$aBATCH-MSDE$b00$c20130227$lBLL01$h1701
=CAT  \\$aBATCH-MSDE$b00$c20130227$lBLL01$h1705
=CAT  \\$aBATCH-MSDE$b00$c20130227$lBLL01$h1715
=CAT  \\$aBATCH-MSDE$b00$c20130227$lBLL01$h1718
=CAT  \\$aMSD-SUPP$c20130227$lBLL01$h1832
=CAT  \\$aBATCH-UPD$b00$c20130318$lBLL01$h1049
=CAT  \\$aWR13.117$c20130720$lBLL01$h1902
=CAT  \\$aWR14.046$c20140417$lBLL01$h1708
=CAT  \\$aWR13.144/5$c20140418$lBLL01$h1004
=CAT  \\$aBATCH-UPD$b00$c20150426$lBLL01$h2308
=CAT  \\$aW2011-1472$b00$c20201127$lBLL01$h1825
=CAT  \\$a6490$b40$c20210211$lBLL01$h1157
=FIN  \\$aY$d20130227
=LKR  \\$aPAR$lBLL01$r776$b000930807$mThe Works of Dickens. (The Authentic edition.) [With plates after the original illustrations.].$nThe Works of Dickens. (The Authentic edition.) [With plates after the original illustrations.].
=DGM  \\$a000930807$bCatBridge variable field
=DRT  \\$aMSD
=SRC  \\$aMSD$bmsdig_000177
=SRC  \\$aMSD$bmsdig_000176
=SRC  \\$aMSD$bmsdig_000175
=SRC  \\$aMSD$bmsdig_000174
=SRC  \\$aMSD$bmsdig_000173
=SRC  \\$aMSD$bmsdig_000172
=SRC  \\$aMSD$bMSDIG_000050
=LAS  \\$a6490$b40$c20210211$lBLL01$h1157

