=LDR  03586 am a22010213  4500
=001  014803529
=003  Uk
=005  20210211093411.0
=007  cr\mn\024mpadp
=007  cr\mn\024mpada
=008  880516m18921925enk\\\\\s\\\\\|||\||eng\\
=FMT  \\$a  BK
=040  \\$aUk$cUk
=100  1\$aDickens, Charles,$d1812-1870.
=240  10$aWorks
=245  14$aThe Works of Charles Dickens. Reprints of the first editions, with the illustrations, and with introductions, biographical and bibliographical, by Charles Dickens the Younger.
=264  \1$aLondon :$bMacmillan & Co,$c1893.
=300  \\$a21 volumes ;$c(8º)
=336  \\$atext$2rdacontent
=337  \\$acomputer$2rdamedia
=338  \\$aonline resource$2rdacarrier
=500  \\$aThe collective title is taken from the advertisements included in the later volumes in the series.
=859  \\$aXLD$bMS Digitised
=985  \\$aCorrected by MS generated file for WR# 11/211
=985  \\$aCorrected by MS generated file for WR# 1805-0738
=CAT  \\$aBATCH-MSDN$b00$c20081114$lBLL01$h2142
=CAT  \\$aBATCH-MSDE$b00$c20130227$lBLL01$h1701
=CAT  \\$aBATCH-MSDE$b00$c20130227$lBLL01$h1705
=CAT  \\$aBATCH-MSDE$b00$c20130227$lBLL01$h1715
=CAT  \\$aBATCH-MSDE$b00$c20130227$lBLL01$h1718
=CAT  \\$aBATCH-MSDE$b00$c20130227$lBLL01$h1720
=CAT  \\$aBATCH-MSDE$b00$c20130227$lBLL01$h1723
=CAT  \\$aBATCH-MSDE$b00$c20130227$lBLL01$h1725
=CAT  \\$aBATCH-MSDE$b00$c20130227$lBLL01$h1727
=CAT  \\$aBATCH-MSDE$b00$c20130227$lBLL01$h1731
=CAT  \\$aBATCH-MSDE$b00$c20130227$lBLL01$h1732
=CAT  \\$aMSD-SUPP$c20130227$lBLL01$h1832
=CAT  \\$aBATCH-UPD$b00$c20130318$lBLL01$h1049
=CAT  \\$aWR13.117$c20130720$lBLL01$h1902
=CAT  \\$aWR14.046$c20140417$lBLL01$h1708
=CAT  \\$aWR13.144/5$c20140418$lBLL01$h1004
=CAT  \\$a11814$b40$c20141023$lBLL01$h1437
=CAT  \\$aWR11_211$c20141230$lBLL01$h1736
=CAT  \\$aBLSS-CORR$b00$c20141230$lBLL01$h1742
=CAT  \\$aBATCH-UPD$b00$c20150426$lBLL01$h2308
=CAT  \\$a1805-0738$c20181228$lBLL01$h1817
=CAT  \\$a1805-0738$b00$c20181228$lBLL01$h1904
=CAT  \\$a8874$b40$c20191104$lBLL01$h1419
=CAT  \\$a8874$b40$c20191105$lBLL01$h1046
=CAT  \\$aW2001-2376$c20200619$lBLL01$h1938
=CAT  \\$a7764$b40$c20210211$lBLL01$h0934
=FIN  \\$aY$d20130227
=DGM  \\$a000931072$bCatBridge variable field
=DRT  \\$aMSD
=SRC  \\$aMSD$bmsdig_000183
=SRC  \\$aMSD$bmsdig_000182
=SRC  \\$aMSD$bmsdig_000181
=SRC  \\$aMSD$bmsdig_000180
=SRC  \\$aMSD$bmsdig_000179
=SRC  \\$aMSD$bmsdig_000178
=SRC  \\$aMSD$bmsdig_000177
=SRC  \\$aMSD$bmsdig_000176
=SRC  \\$aMSD$bmsdig_000175
=SRC  \\$aMSD$bmsdig_000174
=SRC  \\$aMSD$bmsdig_000173
=SRC  \\$aMSD$bmsdig_000172
=SRC  \\$aMSD$bmsdig_000628
=SRC  \\$aMSD$bmsdig_000627
=SRC  \\$aMSD$bmsdig_000626
=SRC  \\$aMSD$bmsdig_000625
=SRC  \\$aMSD$bmsdig_000624
=SRC  \\$aMSD$bmsdig_000623
=SRC  \\$aMSD$bmsdig_000622
=SRC  \\$aMSD$bmsdig_000621
=SRC  \\$aMSD$bmsdig_000620
=SRC  \\$aMSD$bmsdig_000619
=SRC  \\$aMSD$bmsdig_000618
=SRC  \\$aMSD$bmsdig_000617
=SRC  \\$aMSD$bmsdig_000059
=SRC  \\$aMSD$bmsdig_000057
=SRC  \\$aMSD$bmsdig_000053
=SRC  \\$aMSD$bmsdig_000055
=SRC  \\$aMSD$bmsdig_000056
=SRC  \\$aMSD$bmsdig_000054
=SRC  \\$aMSD$bmsdig_000052
=SRC  \\$aMSD$bMSDIG_000050
=SRC  \\$aMSD$bmsdig_000051
=LAS  \\$a7764$b40$c20210211$lBLL01$h0934

