=LDR  03758 am a22008653  4500
=001  014803530
=003  Uk
=005  20210211103737.0
=007  cr\mn\024mpadp
=007  cr\mn\024mpada
=008  990310|1888|||||||\\\\|s\\\\\|||\||eng\\
=FMT  \\$a  BK
=040  \\$aUk$cUk
=100  1\$aDisraeli, Benjamin,$d1804-1881.
=240  10$aCollections. I. Larger Collections
=245  10$aRoutledge's Sixpenny edition of Disraeli's novels.$h[electronic resource]
=260  \\$aLondon, etc. :$bGeorge Routledge & Sons,$c1888.
=300  \\$a8 vol. ;$c22 cm.
=336  \\$atext$2rdacontent
=337  \\$acomputer$2rdamedia
=338  \\$aonline resource$2rdacarrier
=580  \\$aPart title: Routledge's Sixpenny edition of Disraeli's novels. Vivian Grey. pp. 245.
=580  \\$aPart title: Routledge's Sixpenny edition of Disraeli's novels. Coningsby, etc. pp. 207.
=580  \\$aPart title: Routledge's Sixpenny edition of Disraeli's novels. Sybil, etc. pp. 192.
=580  \\$aPart title: Routledge's Sixpenny edition of Disraeli's novels. Contarini Fleming, etc. pp. 194.
=580  \\$aPart title: Routledge's Sixpenny edition of Disraeli's novels. The young duke, etc. pp. 154.
=580  \\$aPart title: Routledge's Sixpenny edition of Disraeli's novels. The wondrous tale of Alroy. The rise of Iskander. pp. 160.
=580  \\$aPart title: Routledge's Sixpenny edition of Disraeli's novels. Venetia. pp. 185.
=580  \\$aPart title: Routledge's Sixpenny edition of Disraeli's novels. Henrietta Temple. pp. 183.
=787  0\$w(Uk)MP1.0001000643.0.1
=787  0\$w(Uk)MP1.0001000643.0.2
=787  0\$w(Uk)MP1.0001000643.0.3
=787  0\$w(Uk)MP1.0001000643.0.4
=787  0\$w(Uk)MP1.0001000643.0.5
=787  0\$w(Uk)MP1.0001000643.0.6
=787  0\$w(Uk)MP1.0001000643.0.7
=787  0\$w(Uk)MP1.0001000643.0.8
=859  \\$aXLD$bMS Digitised
=883  0\$aLanguage codes assigned by Bayesian analysis of words present in record$d20201028$qUk$c0.9010
=985  \\$aCorrected by MS generated file for WR# 11/211
=985  \\$aUpgraded by BSS-generated file for WR2011-1472
=CAT  \\$aBATCH-MSDN$b00$c20081114$lBLL01$h2142
=CAT  \\$aBATCH$b00$c20081115$lBLL01$h1540
=CAT  \\$aBATCH-MSDE$b00$c20081115$lBLL01$h1630
=CAT  \\$aBATCH$b00$c20081115$lBLL01$h1852
=CAT  \\$aBATCH-MSDE$b00$c20081116$lBLL01$h1156
=CAT  \\$aBATCH$b00$c20081116$lBLL01$h1402
=CAT  \\$aBATCH-MSDE$b00$c20081119$lBLL01$h0941
=CAT  \\$aBATCH$b00$c20081119$lBLL01$h1050
=CAT  \\$aBATCH-MSDE$b00$c20081120$lBLL01$h0921
=CAT  \\$aBATCH$b00$c20081120$lBLL01$h0956
=CAT  \\$aBATCH-MSDE$b00$c20081120$lBLL01$h1132
=CAT  \\$aBATCH$b00$c20081120$lBLL01$h1649
=CAT  \\$aBATCH-UPD$b00$c20100501$lBLL01$h0034
=CAT  \\$aWR12-140$c20121030$lBLL01$h1037
=CAT  \\$aWR13.117$c20130720$lBLL01$h1902
=CAT  \\$a11306$b40$c20130918$lBLL01$h1611
=CAT  \\$aWR14.046$c20140417$lBLL01$h1708
=CAT  \\$aWR13.144/5$c20140418$lBLL01$h1004
=CAT  \\$aWR11_211$c20141230$lBLL01$h1736
=CAT  \\$aBLSS-CORR$b00$c20141230$lBLL01$h1742
=CAT  \\$aBATCH-UPD$b00$c20151012$lBLL01$h0704
=CAT  \\$aW2011-1472$b00$c20201127$lBLL01$h1825
=CAT  \\$a7764$b40$c20210211$lBLL01$h1037
=FIN  \\$aY$d20081120
=LKR  \\$aPAR$lBLL01$r776$b000950920$mRoutledge's Sixpenny edition of Disraeli's novels.$nRoutledge's Sixpenny edition of Disraeli's novels.
=DGM  \\$a000950920$bCatBridge variable field
=DRT  \\$aMSD
=SRC  \\$aMSD$bmsdig_000053
=SRC  \\$aMSD$bmsdig_000055
=SRC  \\$aMSD$bmsdig_000054
=SRC  \\$aMSD$bmsdig_000052
=SRC  \\$aMSD$bMSDIG_000050
=SRC  \\$aMSD$bmsdig_000051
=LAS  \\$a7764$b40$c20210211$lBLL01$h1037

