=LDR  02829 am a22006133  4500
=001  014803531
=003  Uk
=005  20210210101336.0
=007  cr\mn\024mpadp
=007  cr\mn\024mpada
=008  880623s1896\\\\enk\\\\\s\\\\\000\d\eng\\
=FMT  \\$a  BK
=040  \\$aUk$cUk$dUk
=245  00$aEnglish historical plays$h[electronic resource] /$cby Shakespeare, Marlowe, Peele, Heywood, Fletcher and Ford ; arranged for acting, as well as for reading by Thomas Donovan.
=260  \\$aLondon :$bMacmillan and Co.,$c1896.
=300  \\$a2 vol. ;$c20 cm.
=336  \\$atext$2rdacontent
=337  \\$acomputer$2rdamedia
=338  \\$aonline resource$2rdacarrier
=505  0\$av. 1. King John, by Shakespeare.--King Edward I, by Peele.--King Edward II, by Marlowe.--King Edward III, by Shakespeare .--King Richard II, by Shakespeare.--King Henry IV, by Shakespeare .--King Henry V, by Shakespeare.--v. 2. First part of King Henry VI, by Shakespeare .--Second part of King Henry VI, by Shakespeare.-- Third part of King Henry VI, by Shakespeare .--King Edward IV, by Heywood.--King Richard III, by Shakespeare.--Perkin Warbeck, by Ford.--King Henry VIII, by Shakespeare and Fletcher.
=650  \0$aEnglish drama$yEarly modern and Elizabethan, 1500-1600.
=650  \0$aEnglish drama$yRestoration, 1660-1700.
=700  1\$aDonovan, Thomas,$d1843-1929.
=700  1\$aFletcher, John,$d1579-1625.
=700  1\$aFord, John,$d1586-approximately 1640.
=700  1\$aHeywood, John,$d1497?-1580?.
=700  1\$aShakespeare, William,$d1564-1616.
=859  \\$aXLD$bMS Digitised
=985  \\$aCorrected by MS generated file for WR# 11/211
=985  \\$aRecord amended for WR# 13/070
=CAT  \\$aBATCH-MSDN$b00$c20081114$lBLL01$h2142
=CAT  \\$aBATCH$b00$c20081115$lBLL01$h1540
=CAT  \\$aBATCH-MSDE$b00$c20081115$lBLL01$h1630
=CAT  \\$aBATCH$b00$c20081115$lBLL01$h1852
=CAT  \\$aBATCH-UPD$b00$c20100501$lBLL01$h0034
=CAT  \\$a8874$b40$c20120130$lBLL01$h1040
=CAT  \\$aWR13_070$b00$c20130504$lBLL01$h0307
=CAT  \\$aWR13.117$c20130720$lBLL01$h1902
=CAT  \\$aWR14.046$c20140417$lBLL01$h1708
=CAT  \\$aWR13.144/5$c20140418$lBLL01$h1004
=CAT  \\$aBATCH-UPD$b00$c20141204$lBLL01$h2319
=CAT  \\$aWR11_211$c20141230$lBLL01$h1734
=CAT  \\$aBLSS-CORR$b00$c20141230$lBLL01$h1742
=CAT  \\$aBATCH-DCW$c20160710$lBLL01$h1803
=CAT  \\$aBATCH-DCW$c20170926$lBLL01$h1124
=CAT  \\$aBATCH-DCW$c20170926$lBLL01$h1132
=CAT  \\$a7764$b40$c20210210$lBLL01$h1013
=FIN  \\$aY$d20081115
=LKR  \\$aPAR$lBLL01$r776$b000967261$mEnglish historical plays$nEnglish historical plays
=DGM  \\$a000967261$bCatBridge variable field
=DRT  \\$aMSD
=SRC  \\$aMSD$bMSDIG_000050
=SRC  \\$aMSD$bmsdig_000051
=LAS  \\$a7764$b40$c20210210$lBLL01$h1013

