=LDR  02880cam a22005777a 4500
=001  014810012
=003  Uk
=005  20230613081228.0
=007  cr\mn\024mpadp
=007  cr\mn\024mpada
=008  010116s1893\\\\enk\\\\\s\\\\o000\0\eng\\
=FMT  \\$a  BK
=040  \\$aUk$cUk$dUk
=110  1\$aGreat Britain.$bHydrographic Department.
=245  10$aSouth American pilot.$nPart I,$pEast coast of South America, from Cape St. Rogue to Cape Virgins, including Falkland, South Georgia, Sandwich and South Shetland Islands ; also the north coast from Cape St. Rogue to Cape Orange in French Guiana$h[electronic resource].
=250  \\$a4th ed.
=260  \\$aLondon :$bHydrographic Office,$c1893.
=336  \\$atext$2rdacontent
=337  \\$acomputer$2rdamedia
=338  \\$aonline resource$2rdacarrier
=490  0\$aSailing Directions. America
=500  \\$aCompiled by J. J. P. Hitchefield
=651  \7$aSouth Georgia and South Sandwich Islands.$2fast$0(OCoLC)fst01260107
=651  \7$aAntarctic Ocean$zSouth Shetland Islands.$2fast$0(OCoLC)fst01244146
=700  1\$aHITCHFIELD, John James Pearce.
=859  \\$aXLD$bMS Digitised
=985  \\$aEnhanced during collaborative project with UCL (course BASC0033). 2022-23.
=985  \\$aOriginal mono record deleted LKR now to serial record 11.04.2013 DW
=985  \\$aRecord amended for WR# 13/070
=CAT  \\$aBATCH-MSDN$b00$c20081114$lBLL01$h2146
=CAT  \\$aBATCH$b00$c20081115$lBLL01$h1545
=CAT  \\$aBATCH-UPD$b00$c20100501$lBLL01$h0037
=CAT  \\$a10932$b40$c20130326$lBLL01$h1209
=CAT  \\$a10932$b40$c20130411$lBLL01$h1137
=CAT  \\$aWR13_070$b00$c20130504$lBLL01$h0307
=CAT  \\$a10932$b40$c20130515$lBLL01$h0950
=CAT  \\$aWR13_070C$c20130611$lBLL01$h1855
=CAT  \\$aWR13.117$c20130720$lBLL01$h1905
=CAT  \\$a10932$b40$c20130916$lBLL01$h1416
=CAT  \\$aWR14.046$c20140417$lBLL01$h1711
=CAT  \\$aWR13.144/5$c20140418$lBLL01$h1006
=CAT  \\$aBATCH-DCW$b40$c20160707$lBLL01$h1511
=CAT  \\$aBATCH-DCW$c20160710$lBLL01$h1803
=CAT  \\$a7764$b40$c20210211$lBLL01$h0902
=CAT  \\$a14185$b40$c20230613$lBLL01$h0812
=FIN  \\$aY$d20081114
=LKR  \\$aPAR$lBLL01$r776$b001091669$mThe South American pilot. Part I, East coast of South America, from Cape St. Rogue to Cape Virgins, including Falkland, South Georgia, Sandwich and South Shetland Islands ; also the north coast from Cape St. Rogue to Cape Orange in French Guiana (electronic resource)$nThe South American pilot. Part I, East coast of South America, from Cape St. Rogue to Cape Virgins, including Falkland, South Georgia, Sandwich and South Shetland Islands ; also the north coast from Cape St. Rogue to Cape Orange in French Guiana
=DGM  \\$a001091669$bCatBridge variable field
=DRT  \\$aMSD
=SRC  \\$aMSD$bMSDIG_000050
=LAS  \\$a14185$b40$c20230613$lBLL01$h0812

