=LDR  02842cam a22006017a 4500
=001  014810014
=003  Uk
=005  20230614195352.0
=007  cr\mn\024mpadp
=007  cr\mn\024mpada
=008  010116s1850\\\\enk\\\\\s\\\\o000\0\eng\\
=FMT  \\$a  BK
=040  \\$aUk$cUk$dUk
=110  1\$aGreat Britain.$bHydrographic Department.
=245  10$aSouth America pilot.$nPart II,$pComprising Magellan Strait, Tierra del Fuego and west coast of South America from Cape Virgins (S. E. Coast) to Panamá Bay, including the Galápagos Islands$h[electronic resource].
=250  \\$a2nd ed.
=260  \\$aLondon :$bHydrographic Office,$c1850.
=336  \\$atext$2rdacontent
=337  \\$acomputer$2rdamedia
=338  \\$aonline resource$2rdacarrier
=490  0\$aSailing Directions. America
=651  \7$aSouth America$zPacific Coast.$2fast$0(OCoLC)fst01243520
=655  \7$aPilot guides.$2fast$0(OCoLC)fst02002541
=651  \7$aGalapagos Islands.$2fast$0(OCoLC)fst01219610
=859  \\$aXLD$bMS Digitised
=985  \\$aEnhanced during collaborative project with UCL (course BASC0033). 2022-23.
=985  \\$aEnhanced during collaborative project with UCL (course BASC0033). 2022-23.
=985  \\$aOriginal mono record deleted LKR now to serial record 10.04.2013 DW
=CAT  \\$aBATCH-MSDN$b00$c20081114$lBLL01$h2146
=CAT  \\$aBATCH$b00$c20081115$lBLL01$h1545
=CAT  \\$aBATCH-UPD$b00$c20100501$lBLL01$h0037
=CAT  \\$a10932$b40$c20130410$lBLL01$h1528
=CAT  \\$a10932$b40$c20130411$lBLL01$h1254
=CAT  \\$a11249$b40$c20130418$lBLL01$h1609
=CAT  \\$aWR13_070$b00$c20130504$lBLL01$h0307
=CAT  \\$a10932$b40$c20130515$lBLL01$h0935
=CAT  \\$a10932$b40$c20130515$lBLL01$h1052
=CAT  \\$aWR13_070C$c20130611$lBLL01$h1855
=CAT  \\$aWR13.117$c20130720$lBLL01$h1905
=CAT  \\$a10932$b40$c20130916$lBLL01$h1415
=CAT  \\$aWR14.046$c20140417$lBLL01$h1711
=CAT  \\$aWR13.144/5$c20140418$lBLL01$h1006
=CAT  \\$aBATCH-DCW$b40$c20160707$lBLL01$h1512
=CAT  \\$aBATCH-DCW$c20160710$lBLL01$h1803
=CAT  \\$a6490$b40$c20210204$lBLL01$h1052
=CAT  \\$a14185$b40$c20230613$lBLL01$h0812
=CAT  \\$a14185$b40$c20230614$lBLL01$h1953
=FIN  \\$aY$d20081114
=LKR  \\$aPAR$lBLL01$r776$b001091680$mThe South America pilot. Part II, Comprising Magellan Strait, Tierra del Fuego and west coast of South America from Cape Virgins (S. E. Coast) to Panamá Bay, including the Galápagos Islands (electronic resource)$nThe South America pilot. Part II, Comprising Magellan Strait, Tierra del Fuego and west coast of South America from Cape Virgins (S. E. Coast) to Panamá Bay, including the Galápagos Islands
=DGM  \\$a001091680$bCatBridge variable field
=DRT  \\$aMSD
=SRC  \\$aMSD$bMSDIG_000050
=LAS  \\$a14185$b40$c20230614$lBLL01$h1953

