=LDR  01929 am a22005053  4500
=001  014810729
=003  Uk
=005  20210211162548.0
=007  cr\mn\024mpadp
=007  cr\mn\024mpada
=008  880726s1872\\\\enk\\\\\s\\\\\000\0\eng\\
=FMT  \\$a  BK
=040  \\$aUk$cUk$dUk
=100  1\$aFrere, John Hookham,$d1769-1846.
=245  14$aThe works of John Hookham Frere in verse and prose$h[electronic resource] /$cnow first collected with a prefatory memoir by his nephews W.E. and Sir Bartle Frere.
=260  \\$aLondon :$bB.M. Pickering,$c1872.
=300  \\$a2 vol. :$bill. ;$c22 cm.
=336  \\$atext$2rdacontent
=337  \\$acomputer$2rdamedia
=338  \\$aonline resource$2rdacarrier
=700  1\$aFrere, William Edward,$d1811-1880.
=700  1\$aFrere, Bartle,$d1815-1884.
=859  \\$aXLD$bMS Digitised
=985  \\$aCorrected by MS generated file for WR# 11/211
=CAT  \\$aBATCH-MSDN$b00$c20081115$lBLL01$h1628
=CAT  \\$aBATCH$b00$c20081115$lBLL01$h1853
=CAT  \\$aBATCH-MSDE$b00$c20081116$lBLL01$h1156
=CAT  \\$aBATCH$b00$c20081116$lBLL01$h1402
=CAT  \\$aBATCH-UPD$b00$c20100501$lBLL01$h0037
=CAT  \\$a8874$b40$c20120131$lBLL01$h0742
=CAT  \\$aWR13.117$c20130720$lBLL01$h1905
=CAT  \\$aWR14.046$c20140417$lBLL01$h1711
=CAT  \\$aWR13.144/5$c20140418$lBLL01$h1006
=CAT  \\$aWR11_211$c20141230$lBLL01$h1734
=CAT  \\$aBLSS-CORR$b00$c20141230$lBLL01$h1742
=CAT  \\$aBATCH-DCW$c20160710$lBLL01$h1803
=CAT  \\$a4039$b40$c20180928$lBLL01$h1643
=CAT  \\$a7764$b40$c20210211$lBLL01$h1625
=FIN  \\$aY$d20081116
=LKR  \\$aPAR$lBLL01$r776$b001324565$mThe works of John Hookham Frere in verse and prose$nThe works of John Hookham Frere in verse and prose
=DGM  \\$a001324565$bCatBridge variable field
=DRT  \\$aMSD
=SRC  \\$aMSD$bmsdig_000051
=SRC  \\$aMSD$bmsdig_000052
=LAS  \\$a7764$b40$c20210211$lBLL01$h1625

