=LDR  02129 am a22005413  4500
=001  014810730
=003  Uk
=005  20210204115604.0
=007  cr\mn\024mpadp
=007  cr\mn\024mpada
=008  880823s1818\\\\stk\\\\\s\\\\\000\0\eng\\
=FMT  \\$a  BK
=040  \\$aUk$cUk$dUk
=041  0\$aeng$alat$aita
=100  1\$aGlassford, James,$d-1845.
=245  10$aMiscellanea$h[electronic resource] /$cJ.G.
=260  \\$a[Edinburgh :$bs.n.],$c1818$e(Edinburgh :$fPrinted by Walker and Greig)
=300  \\$a83, [1] p ;$c28 cm.
=336  \\$atext$2rdacontent
=337  \\$acomputer$2rdamedia
=338  \\$aonline resource$2rdacarrier
=500  \\$aJ.G. = James Glassford.
=505  0\$aTranslations [of four neo-Latin poems by J. Addison, S. Clay, and P. Frowde]. - The panorama. - Select airs from Metastasio, translated. - Tasso's Canzone to the Metaurus, translated. - Select Italian sonnets, translated.
=546  \\$aThe original Latin and Italian texts are printed alongside the translations.
=500  \\$aPrivately printed.
=859  \\$aXLD$bMS Digitised
=985  \\$aCorrected by MS generated file for WR# 11/211
=985  \\$aRecord amended for WR# 13/070
=985  \\$aUpgraded by BSS-generated file for WR2011-1473
=CAT  \\$aBATCH-MSDN$b00$c20081115$lBLL01$h1628
=CAT  \\$aBATCH$b00$c20081115$lBLL01$h1853
=CAT  \\$aBATCH-UPD$b00$c20100501$lBLL01$h0037
=CAT  \\$a8874$b40$c20120131$lBLL01$h0753
=CAT  \\$aWR13_070$b00$c20130504$lBLL01$h0307
=CAT  \\$aWR13.117$c20130720$lBLL01$h1905
=CAT  \\$aWR14.046$c20140417$lBLL01$h1711
=CAT  \\$aWR13.144/5$c20140418$lBLL01$h1006
=CAT  \\$aWR11_211$c20141230$lBLL01$h1737
=CAT  \\$aBLSS-CORR$b00$c20141230$lBLL01$h1742
=CAT  \\$aBATCH-DCW$c20160710$lBLL01$h1803
=CAT  \\$aW2011-1473$b00$c20201124$lBLL01$h1902
=CAT  \\$a6490$b40$c20210204$lBLL01$h1156
=FIN  \\$aY$d20081115
=LKR  \\$aPAR$lBLL01$r776$b001345746$mMiscellanea$nMiscellanea
=DGM  \\$a001345746$bCatBridge variable field
=DRT  \\$aMSD
=SRC  \\$aMSD$bmsdig_000051
=LAS  \\$a6490$b40$c20210204$lBLL01$h1156

