=LDR  01676 am a22004213  4500
=001  014810731
=003  Uk
=005  20210211090049.0
=007  cr\mn\024mpadp
=007  cr\mn\024mpada
=008  880823s1893\\\\enka\\\\s\\\\\000\1\eng\\
=FMT  \\$a  BK
=040  \\$aUk$cUk$dUk
=100  10$aGalbraith, Lettice.
=245  14$aThe spin of the coin$h[electronic resource] :$ba romance of the far west and of the riding ring.
=260  \\$aLondon :$bWard, Lock & Co.,$c1893.
=300  \\$a164 p. :$bill. ;$c21 cm.
=336  \\$atext$2rdacontent
=337  \\$acomputer$2rdamedia
=338  \\$aonline resource$2rdacarrier
=505  0\$aSpin of the coin / L. Galbraith--Stranger than fiction / Coulson Kernahan--The man with the fatal finger / William le Queux--The head of the family / R. André--A muff and a monster / Coulson Kernahan--Judas Junior / Silas Wegg, junior--Met on the margin.
=859  \\$aXLD$bMS Digitised
=CAT  \\$aBATCH-MSDN$b00$c20081115$lBLL01$h1628
=CAT  \\$aBATCH$b00$c20081115$lBLL01$h1853
=CAT  \\$aBATCH-UPD$b00$c20100501$lBLL01$h0037
=CAT  \\$a8874$b40$c20120131$lBLL01$h0838
=CAT  \\$aWR13.117$c20130720$lBLL01$h1905
=CAT  \\$aWR14.046$c20140417$lBLL01$h1711
=CAT  \\$aWR13.144/5$c20140418$lBLL01$h1006
=CAT  \\$aBATCH-UPD$b00$c20160301$lBLL01$h1746
=CAT  \\$aBATCH-DCW$c20160710$lBLL01$h1803
=CAT  \\$a7764$b40$c20210211$lBLL01$h0900
=FIN  \\$aY$d20081115
=LKR  \\$aPAR$lBLL01$r776$b001351862$mThe spin of the coin$nThe spin of the coin
=DGM  \\$a001351862$bCatBridge variable field
=DRT  \\$aMSD
=SRC  \\$aMSD$bmsdig_000051
=LAS  \\$a7764$b40$c20210211$lBLL01$h0900

