=LDR  02154 am a22005053  4500
=001  014810733
=003  Uk
=005  20210205104419.0
=007  cr\mn\024mpadp
=007  cr\mn\024mpada
=008  881221s1787\\\\ie\\\\\\s\\\\\000\0\eng\\
=FMT  \\$a  BK
=040  \\$aUk$cUk$dUk
=100  1\$aGriffith, Amyas,$d1746-
=245  10$aMiscellaneous tracts$h[electronic resource],$bcontaining: I. A letter to D. Trant ... ralative to his pamphlet against the Munster Peasantry, and his unfortunate duel with ... Sir J. Colthurst, Bt.-II. Observations on the Bishop of Cloyne's pamphlet; in which the doctrine of tithes is candidly considered .... III. Extract of Theophilus's letter to the author ... A letter to D. Toler ... relative to that unfortunate victim to popular prejudice, ... N. Sheehy, etc.
=264  \1$aDublin,$c[1787]
=300  \\$a85 pages ;$c(8º)
=336  \\$atext$2rdacontent
=337  \\$acomputer$2rdamedia
=338  \\$aonline resource$2rdacarrier
=340  \\$m8vo$2rdabf
=859  \\$aXLD$bMS Digitised
=985  \\$aCorrected by MS generated file for WR# 11/211
=985  \\$aRecord amended for WR# 13/070
=985  \\$aCorrected by MS generated file for WR# 1805-0738
=CAT  \\$aBATCH-MSDN$b00$c20081115$lBLL01$h1628
=CAT  \\$aBATCH$b00$c20081115$lBLL01$h1853
=CAT  \\$aBATCH-UPD$b00$c20100501$lBLL01$h0037
=CAT  \\$a8874$b40$c20120131$lBLL01$h1006
=CAT  \\$aWR13_070$b00$c20130504$lBLL01$h0307
=CAT  \\$aWR13.117$c20130720$lBLL01$h1905
=CAT  \\$aWR14.046$c20140417$lBLL01$h1711
=CAT  \\$aWR13.144/5$c20140418$lBLL01$h1006
=CAT  \\$aWR11_211$c20141230$lBLL01$h1737
=CAT  \\$aBLSS-CORR$b00$c20141230$lBLL01$h1742
=CAT  \\$aBATCH-DCW$c20160710$lBLL01$h1803
=CAT  \\$a1805-0738$c20181228$lBLL01$h1818
=CAT  \\$a1805-0738$b00$c20181228$lBLL01$h1905
=CAT  \\$a6490$b40$c20210205$lBLL01$h1044
=FIN  \\$aY$d20081115
=LKR  \\$aPAR$lBLL01$r776$b001513427$mMiscellaneous tracts$nMiscellaneous tracts
=DGM  \\$a001513427$bCatBridge variable field
=DRT  \\$aMSD
=SRC  \\$aMSD$bmsdig_000051
=LAS  \\$a6490$b40$c20210205$lBLL01$h1044

