=LDR  01941 am a22004933  4500
=001  014810734
=003  Uk
=005  20210204111558.0
=007  cr\mn\024mpadp
=007  cr\mn\024mpada
=008  881103|1833|||||||\\\\|s\\\\\|||\||eng\\
=FMT  \\$a  BK
=040  \\$aUk$cUk
=100  1\$aGROSART, Alexander Balloch.
=245  14$aThe complete Works of T. Nashe, ... collected and edited ... by ... A. B. G., etc.$h[electronic resource]
=260  \\$c1833, etc.
=336  \\$atext$2rdacontent
=337  \\$acomputer$2rdamedia
=338  \\$aonline resource$2rdacarrier
=580  \\$aIn : infra: The Huth Library, etc. 1881, etc. 4º.
=859  \\$aXLD$bMS Digitised
=883  0\$aLanguage codes assigned by Bayesian analysis of words present in record$d20201028$qUk$c0.9010
=985  \\$aUpgraded by BSS-generated file for WR2011-1472
=CAT  \\$aBATCH-MSDN$b00$c20081115$lBLL01$h1628
=CAT  \\$aBATCH$b00$c20081115$lBLL01$h1853
=CAT  \\$aBATCH-MSDE$b00$c20081116$lBLL01$h1156
=CAT  \\$aBATCH$b00$c20081116$lBLL01$h1402
=CAT  \\$aBATCH-MSDE$b00$c20081120$lBLL01$h1132
=CAT  \\$aBATCH$b00$c20081120$lBLL01$h1649
=CAT  \\$aBATCH-UPD$b00$c20100501$lBLL01$h0037
=CAT  \\$aWR12-140$c20121030$lBLL01$h1036
=CAT  \\$aWR13.117$c20130720$lBLL01$h1905
=CAT  \\$aWR14.046$c20140417$lBLL01$h1711
=CAT  \\$aWR13.144/5$c20140418$lBLL01$h1006
=CAT  \\$aW2011-1472$b00$c20201127$lBLL01$h1825
=CAT  \\$a6490$b40$c20210204$lBLL01$h1115
=FIN  \\$aY$d20081120
=LKR  \\$aPAR$lBLL01$r776$b001522168$mThe complete Works of T. Nashe, ... collected and edited ... by ... A. B. G., etc.$nThe complete Works of T. Nashe, ... collected and edited ... by ... A. B. G., etc.
=DGM  \\$a001522168$bCatBridge variable field
=DRT  \\$aMSD
=SRC  \\$aMSD$bmsdig_000053
=SRC  \\$aMSD$bmsdig_000051
=SRC  \\$aMSD$bmsdig_000052
=LAS  \\$a6490$b40$c20210204$lBLL01$h1115

