=LDR  02307 aa a22004213  4500
=001  014810736
=003  Uk
=005  20210211141642.0
=007  cr\mn\024mpadp
=007  cr\mn\024mpada
=008  881103||||||||||||\\\\|s\\\\\|||\||eng\\
=FMT  \\$a  BK
=040  \\$aUk$cUk
=100  1\$aGROSART, Alexander Balloch.
=245  14$aThe Huth Library, or Elizabethan-Jacobean unique or very rare books, in verse and prose, largely from the Library of Henry Huth ... Edited, with introductions, notes and illustrations, etc. by the Rev. A. B. Grosart,.$pThe Works of Gabriel Harvey, etc. 3 vol. 1884, 85.$h[electronic resource]
=336  \\$atext$2rdacontent
=337  \\$acomputer$2rdamedia
=338  \\$aonline resource$2rdacarrier
=580  \\$aPart of: The Huth Library, or Elizabethan-Jacobean unique or very rare books, in verse and prose, largely from the Library of Henry Huth ... Edited, with introductions, notes and illustrations, etc. by the Rev. A. B. Grosart,
=787  0\$w(Uk)MP1.0001605019
=859  \\$aXLD$bMS Digitised
=883  0\$aLanguage codes assigned by Bayesian analysis of words present in record$d20201028$qUk$c0.9010
=985  \\$aUpgraded by BSS-generated file for WR2011-1472
=CAT  \\$aBATCH-MSDN$b00$c20081115$lBLL01$h1628
=CAT  \\$aBATCH$b00$c20081115$lBLL01$h1853
=CAT  \\$aBATCH-UPD$b00$c20100501$lBLL01$h0037
=CAT  \\$aWR12-140$c20121030$lBLL01$h1036
=CAT  \\$aWR13.117$c20130720$lBLL01$h1905
=CAT  \\$aWR14.046$c20140417$lBLL01$h1711
=CAT  \\$aWR13.144/5$c20140418$lBLL01$h1006
=CAT  \\$aW2011-1472$b00$c20201127$lBLL01$h1825
=CAT  \\$a6490$b40$c20210211$lBLL01$h1416
=FIN  \\$aY$d20081115
=LKR  \\$aPAR$lBLL01$r776$b001522179$mThe Huth Library, or Elizabethan-Jacobean unique or very rare books, in verse and prose, largely from the Library of Henry Huth ... Edited, with introductions, notes and illustrations, etc. by the Rev. A. B. Grosart,.$nThe Huth Library, or Elizabethan-Jacobean unique or very rare books, in verse and prose, largely from the Library of Henry Huth ... Edited, with introductions, notes and illustrations, etc. by the Rev. A. B. Grosart,.
=DGM  \\$a001522179$bCatBridge variable field
=DRT  \\$aMSD
=SRC  \\$aMSD$bmsdig_000051
=LAS  \\$a6490$b40$c20210211$lBLL01$h1416

