=LDR  02279 am a22004453  4500
=001  014810738
=003  Uk
=005  20210204092317.0
=007  cr\mn\024mpadp
=007  cr\mn\024mpada
=008  881017s1858\\\\stk\\\\\s\\\\\000\0\eng\\
=FMT  \\$a  BK
=040  \\$aUk$cUk$dUk
=245  00$aEssays by ministers of the Free Church of Scotland$h[electronic resource] /$cedited by William Hanna.
=260  \\$aEdinburgh :$bThomas Constable and Co.,$c1858.
=300  \\$aviii, 358 p. ;$c22 cm.
=336  \\$atext$2rdacontent
=337  \\$acomputer$2rdamedia
=338  \\$aonline resource$2rdacarrier
=504  \\$aIncludes bibliographical references.
=505  0\$aCatholicism and sectarianism / Islay Burns -- Old Testament light on our social problems / William G. Blaikie -- Tertullian / James Walker -- The Haldanes : A chapter in Scottish church history / Duncan MacGregor -- The offerings of Cain and Abel, as illustrating primeval faith and practice : a critical exposition of Genesis iv. 1-8 / Donald MacDonald -- National education in the United States and Canada, with special reference to the settlement of the question in this country / John Nelson -- Bohemian reformers and German politicians : a contribution to the history of protestantism / Alfred Edersheim -- Grammar schools / James Edward Carlile --The future of India / Thomas Smith.
=610  20$aFree Church of Scotland.
=700  1\$aHanna, William,$d1808-1882.
=859  \\$aXLD$bMS Digitised
=CAT  \\$aBATCH-MSDN$b00$c20081115$lBLL01$h1628
=CAT  \\$aBATCH$b00$c20081115$lBLL01$h1853
=CAT  \\$aBATCH-UPD$b00$c20100501$lBLL01$h0037
=CAT  \\$a8874$b40$c20120131$lBLL01$h1042
=CAT  \\$a8874$b40$c20120131$lBLL01$h1050
=CAT  \\$aWR13.117$c20130720$lBLL01$h1905
=CAT  \\$aWR14.046$c20140417$lBLL01$h1711
=CAT  \\$aWR13.144/5$c20140418$lBLL01$h1006
=CAT  \\$aBATCH-DCW$c20160710$lBLL01$h1803
=CAT  \\$a6490$b40$c20210204$lBLL01$h0923
=FIN  \\$aY$d20081115
=LKR  \\$aPAR$lBLL01$r776$b001586491$mEssays by ministers of the Free Church of Scotland$nEssays by ministers of the Free Church of Scotland
=DGM  \\$a001586491$bCatBridge variable field
=DRT  \\$aMSD
=SRC  \\$aMSD$bmsdig_000051
=LAS  \\$a6490$b40$c20210204$lBLL01$h0923

