=LDR  01642 am a22004453  4500
=001  014810739
=003  Uk
=005  20210202142956.0
=007  cr\mn\024mpadp
=007  cr\mn\024mpada
=008  980220s1895\\\\enka\\\\s\\\\\000\1\eng\\
=FMT  \\$a  BK
=040  \\$aUk$cUk$dUk
=100  1\$aHardy, Thomas,$d1840-1928,$eauthor.
=245  10$aTess of the d'Urbervilles$h[electronic resource] :$ba pure woman /$cfaithfully presented by Thomas Hardy.
=260  \\$aLondon :$bOsgood, McIlvaine and Co.,$c1895.
=300  \\$axiv, 519 p. :$bport. ;$c21 cm.
=336  \\$atext$2rdacontent
=337  \\$acomputer$2rdamedia
=338  \\$aonline resource$2rdacarrier
=490  1\$aThomas Hardy's works : the Wessex novels ;$vv. 1
=500  \\$a"With two etchings by H. Macbeth-Raeburn and a map of Wessex."
=859  \\$aXLD$bMS Digitised
=CAT  \\$aBATCH-MSDN$b00$c20081115$lBLL01$h1628
=CAT  \\$aBATCH$b00$c20081115$lBLL01$h1853
=CAT  \\$aBATCH-UPD$b00$c20100501$lBLL01$h0037
=CAT  \\$a8874$b40$c20120312$lBLL01$h1450
=CAT  \\$a8874$b40$c20120313$lBLL01$h0727
=CAT  \\$aWR13.117$c20130720$lBLL01$h1905
=CAT  \\$aWR14.046$c20140417$lBLL01$h1711
=CAT  \\$aWR13.144/5$c20140418$lBLL01$h1006
=CAT  \\$aBATCH-DCW$c20160710$lBLL01$h1803
=CAT  \\$a8874$b40$c20180823$lBLL01$h1151
=CAT  \\$a10932$b40$c20210202$lBLL01$h1429
=FIN  \\$aY$d20081115
=LKR  \\$aPAR$lBLL01$r776$b001593976$mTess of the d'Urbervilles$nTess of the d'Urbervilles
=DGM  \\$a001593976$bCatBridge variable field
=DRT  \\$aMSD
=SRC  \\$aMSD$bmsdig_000051
=LAS  \\$a10932$b40$c20210202$lBLL01$h1429

