=LDR  01837 am a22004813  4500
=001  014810740
=003  Uk
=005  20210211143914.0
=007  cr\mn\024mpadp
=007  cr\mn\024mpada
=008  881017|1884|||||||\\\\|s\\\\\|||\||eng\\
=FMT  \\$a  BK
=040  \\$aUk$cUk
=100  1\$aHARVEY, Gabriel.
=240  10$aWorks
=245  14$aThe Works of Gabriel Harvey, ... collected and edited ... by ... A. B. Grosart.$h[electronic resource]
=260  \\$c1884, 85.
=300  \\$a3 vol.
=336  \\$atext$2rdacontent
=337  \\$acomputer$2rdamedia
=338  \\$aonline resource$2rdacarrier
=580  \\$aIn : Grosart (A. B.) The Huth Library, etc. 1881, etc. 4º.
=859  \\$aXLD$bMS Digitised
=883  0\$aLanguage codes assigned by Bayesian analysis of words present in record$d20201028$qUk$c0.9010
=985  \\$aUpgraded by BSS-generated file for WR2011-1472
=CAT  \\$aBATCH-MSDN$b00$c20081115$lBLL01$h1628
=CAT  \\$aBATCH$b00$c20081115$lBLL01$h1853
=CAT  \\$aBATCH-MSDE$b00$c20081116$lBLL01$h1156
=CAT  \\$aBATCH$b00$c20081116$lBLL01$h1402
=CAT  \\$aBATCH-UPD$b00$c20100501$lBLL01$h0037
=CAT  \\$aWR12-140$c20121030$lBLL01$h1036
=CAT  \\$aWR13.117$c20130720$lBLL01$h1905
=CAT  \\$aWR14.046$c20140417$lBLL01$h1711
=CAT  \\$aWR13.144/5$c20140418$lBLL01$h1006
=CAT  \\$aW2011-1472$b00$c20201127$lBLL01$h1825
=CAT  \\$a7764$b40$c20210211$lBLL01$h1439
=FIN  \\$aY$d20081116
=LKR  \\$aPAR$lBLL01$r776$b001610801$mThe Works of Gabriel Harvey, ... collected and edited ... by ... A. B. Grosart.$nThe Works of Gabriel Harvey, ... collected and edited ... by ... A. B. Grosart.
=DGM  \\$a001610801$bCatBridge variable field
=DRT  \\$aMSD
=SRC  \\$aMSD$bmsdig_000051
=SRC  \\$aMSD$bmsdig_000052
=LAS  \\$a7764$b40$c20210211$lBLL01$h1439

