=LDR  01701 am a22004693  4500
=001  014810741
=003  Uk
=005  20210211104536.0
=007  cr\mn\024mpadp
=007  cr\mn\024mpada
=008  960320s1886\\\\enka\\\\s\\\\\000\1\eng\\
=FMT  \\$a  BK
=040  \\$aUk$cUk
=100  10$aHatton, Joseph,$d1841-1907.
=245  14$aThe dove's nest and other tales$h[electronic resource] /$cby Joseph Hatton, Richard Jefferies, H. Savile Clarke
=264  \1$aLondon :$bVizetelly & Co,$c1886.
=300  \\$a338 pages ;$c(8º)
=336  \\$atext$2rdacontent
=337  \\$acomputer$2rdamedia
=338  \\$aonline resource$2rdacarrier
=859  \\$aXLD$bMS Digitised
=985  \\$aCorrected by MS generated file for WR# 1805-0738
=CAT  \\$aBATCH-MSDN$b00$c20081115$lBLL01$h1628
=CAT  \\$aBATCH$b00$c20081115$lBLL01$h1853
=CAT  \\$a5194$b40$c20090730$lBLL01$h1512
=CAT  \\$aBATCH-UPD$b40$c20100501$lBLL01$h0037
=CAT  \\$a8874$b40$c20120131$lBLL01$h1116
=CAT  \\$aWR13.117$c20130720$lBLL01$h1905
=CAT  \\$aWR14.046$c20140417$lBLL01$h1711
=CAT  \\$aWR13.144/5$c20140418$lBLL01$h1006
=CAT  \\$aBATCH-UPD$b00$c20160301$lBLL01$h1746
=CAT  \\$aBATCH-DCW$c20160710$lBLL01$h1803
=CAT  \\$a1805-0738$c20181228$lBLL01$h1818
=CAT  \\$a1805-0738$b00$c20181228$lBLL01$h1905
=CAT  \\$aW2001-2376$c20200619$lBLL01$h1940
=CAT  \\$a7764$b40$c20210211$lBLL01$h1045
=FIN  \\$aY$d20081115
=LKR  \\$aPAR$lBLL01$r776$b001616114$mThe dove's nest and other tales$nThe dove's nest and other tales
=DGM  \\$a001616114$bCatBridge variable field
=DRT  \\$aMSD
=SRC  \\$aMSD$bmsdig_000051
=LAS  \\$a7764$b40$c20210211$lBLL01$h1045

