=LDR  02742 am a22005293  4500
=001  014810742
=003  Uk
=005  20210203134957.0
=007  cr\mn\024mpadp
=007  cr\mn\024mpada
=008  961211s1859\\\\enk\\\\\s\\\\\000\0\eng\\
=FMT  \\$a  BK
=040  \\$aUk$cUk
=100  1\$aHerbert, George,$d1593-1633.
=245  14$aThe works of George Herbert in prose and verse$h[electronic resource].
=260  \\$aLondon :$bBell and Daldy,$c1859.
=300  \\$a2 vol. :$bill. ;$c23 cm.
=336  \\$atext$2rdacontent
=337  \\$acomputer$2rdamedia
=338  \\$aonline resource$2rdacarrier
=500  \\$aIncludes "Preface" which appeared as "Prefatory notice" in the 1853 edition, by "the late Mr. Pickering." Cf. p. vii, v. l.
=505  0\$aVol. I. Introduction - Life of Herbert / by Izaac Walton - Life of Herbert / by Barnabas Oley - Preface to the Country parson / by Barnabas Oley - Priest to the temple - Prayers - Preface to Valdesso's Divine considerations - Cornaro on temperance and sobriety / tr. by Herbert. Jacula prudentum, or, Outlandish proverbs, sentences, &c. / collected by Herbert - Letters in English.Letters in Latin - Orations - Letters of Dr. Donne - Letters inserted in Walton's Life. - Vol. II. The temple -The church militant - Miscellaneous poems - Parentalia - Musæ responsoriæ &c. - Epigrammata apologetica pro disciplina Ecclesiæ nostræ - Inventa bellica - Alia poemata latina - The synagogue / by the Rev. C. Harvey - Notes on the Temple and Synagogue / by S. T. Coleridge.
=700  1\$aWalton, Izaak,$d1593-1683.
=700  1\$aOley, Barnabas,$d1602-1686.
=859  \\$aXLD$bMS Digitised
=985  \\$aCorrected by MS generated file for WR# 11/211
=CAT  \\$aBATCH-MSDN$b00$c20081115$lBLL01$h1628
=CAT  \\$aBATCH$b00$c20081115$lBLL01$h1853
=CAT  \\$aBATCH-MSDE$b00$c20081116$lBLL01$h1156
=CAT  \\$aBATCH$b00$c20081116$lBLL01$h1402
=CAT  \\$a12179$b40$c20090529$lBLL01$h1422
=CAT  \\$aBATCH-UPD$b40$c20100501$lBLL01$h0037
=CAT  \\$a8874$b40$c20120202$lBLL01$h1246
=CAT  \\$aWR13.117$c20130720$lBLL01$h1905
=CAT  \\$aWR14.046$c20140417$lBLL01$h1711
=CAT  \\$aWR13.144/5$c20140418$lBLL01$h1006
=CAT  \\$aWR11_211$c20141230$lBLL01$h1734
=CAT  \\$aBLSS-CORR$b00$c20141230$lBLL01$h1742
=CAT  \\$aBATCH-DCW$c20160710$lBLL01$h1803
=CAT  \\$a6490$b40$c20210203$lBLL01$h1349
=FIN  \\$aY$d20081116
=LKR  \\$aPAR$lBLL01$r776$b001658385$mThe works of George Herbert in prose and verse.$nThe works of George Herbert in prose and verse.
=DGM  \\$a001658385$bCatBridge variable field
=DRT  \\$aMSD
=SRC  \\$aMSD$bmsdig_000051
=SRC  \\$aMSD$bmsdig_000052
=LAS  \\$a6490$b40$c20210203$lBLL01$h1349

