=LDR  02386 am a22005653  4500
=001  014810743
=003  Uk
=005  20210204114453.0
=007  cr\mn\024mpadp
=007  cr\mn\024mpada
=008  881117|1822||||enk\\\\|s\\\\\|||\||eng\\
=FMT  \\$a  BK
=040  \\$aUk$cUk
=100  1\$aHooker, Richard,$d1553 or 1554-1600.
=240  10$aWorks
=245  14$aThe Works of Mr. Richard Hooker ... Also a life of the author, by Isaac Walton. A new edition.$h[electronic resource]
=264  \1$aLondon :$bW. Baynes & Son,$c1822.
=300  \\$a3 volumes ;$c(8º)
=336  \\$atext$2rdacontent
=337  \\$acomputer$2rdamedia
=338  \\$aonline resource$2rdacarrier
=340  \\$m8vo$2rdabf
=775  0\$t[The Works of Mr. Richard Hooker ... Also a life of the author, by Isaac Walton. A new edition.]$w(Uk)MP1.0001821743.1$d2 vol. G. Cowie, etc.: London, 1825. 8º.
=859  \\$aXLD$bMS Digitised
=883  0\$aLanguage codes assigned by Bayesian analysis of words present in record$d20201028$qUk$c0.9010
=985  \\$aUpgraded by BSS-generated file for WR1910-0531
=985  \\$aUpgraded by BSS-generated file for WR2011-1472
=CAT  \\$aBATCH-MSDN$b00$c20081115$lBLL01$h1628
=CAT  \\$aBATCH$b00$c20081115$lBLL01$h1853
=CAT  \\$aBATCH-MSDE$b00$c20081116$lBLL01$h1156
=CAT  \\$aBATCH$b00$c20081116$lBLL01$h1402
=CAT  \\$aBATCH-UPD$b00$c20100501$lBLL01$h0037
=CAT  \\$a8874$b40$c20120202$lBLL01$h1338
=CAT  \\$aWR12-140$c20121030$lBLL01$h1037
=CAT  \\$aWR13_070$b00$c20130504$lBLL01$h0307
=CAT  \\$aWR13.117$c20130720$lBLL01$h1905
=CAT  \\$aWR14.046$c20140417$lBLL01$h1711
=CAT  \\$aWR13.144/5$c20140418$lBLL01$h1006
=CAT  \\$a1805-0738$c20181228$lBLL01$h1818
=CAT  \\$a1805-0738$b00$c20181228$lBLL01$h1905
=CAT  \\$aW1910-0531$b00$c20191108$lBLL01$h1811
=CAT  \\$aW2011-1472$b00$c20201127$lBLL01$h1825
=CAT  \\$a6490$b40$c20210204$lBLL01$h1144
=FIN  \\$aY$d20081116
=LKR  \\$aPAR$lBLL01$r776$b001727872$mThe Works of Mr. Richard Hooker ... Also a life of the author, by Isaac Walton. A new edition.$nThe Works of Mr. Richard Hooker ... Also a life of the author, by Isaac Walton. A new edition.
=DGM  \\$a001727872$bCatBridge variable field
=DRT  \\$aMSD
=SRC  \\$aMSD$bmsdig_000051
=SRC  \\$aMSD$bmsdig_000052
=LAS  \\$a6490$b40$c20210204$lBLL01$h1144

