=LDR  01993 am a22005053  4500
=001  014810744
=003  Uk
=005  20210204112212.0
=007  cr\mn\024mpadp
=007  cr\mn\024mpada
=008  890119s1832\\\\enk\\\\\s\\\\\000\d\eng\\
=FMT  \\$a  BK
=040  \\$aUk$cUk$dUk
=100  1\$aKitching, H. St. A.
=245  10$aMoral Plays$h[electronic resource] ;$bviz. Keep your Temper! or Know whom you marry; a comedy; the Fate of Ivan, an historical tragedy [each in five acts and in prose]; and Miss Betsy Bull, or the Johnnies in Spain, a melodrama [in three acts and prose]. By a Lady [who subscribes herself H. St. A. K., i.e. H. St. A. Kitching].
=264  \1$aLondon,$c1832.
=300  \\$c(8º)
=336  \\$atext$2rdacontent
=337  \\$acomputer$2rdamedia
=338  \\$aonline resource$2rdacarrier
=340  \\$m8vo$2rdabf
=700  1\$aKitching, H. St. A.$tKeep your temper.
=700  1\$aKitching, H. St. A.$tKnow whom you marry.
=700  1\$aKitching, H. St. A.$tFate of Ivan.
=700  1\$aKitching, H. St. A.$tMiss Betsy Hull.
=700  1\$aKitching, H. St. A.$tJohnnies in Spain.
=859  \\$aXLD$bMS Digitised
=985  \\$aCorrected by MS generated file for WR# 1805-0738
=CAT  \\$aBATCH-MSDN$b00$c20081115$lBLL01$h1628
=CAT  \\$aBATCH$b00$c20081115$lBLL01$h1853
=CAT  \\$aBATCH-UPD$b00$c20100501$lBLL01$h0037
=CAT  \\$a8874$b40$c20120202$lBLL01$h1424
=CAT  \\$aWR13.117$c20130720$lBLL01$h1905
=CAT  \\$aWR14.046$c20140417$lBLL01$h1711
=CAT  \\$aWR13.144/5$c20140418$lBLL01$h1006
=CAT  \\$aBATCH-DCW$c20160710$lBLL01$h1803
=CAT  \\$a1805-0738$c20181228$lBLL01$h1818
=CAT  \\$a1805-0738$b00$c20181228$lBLL01$h1905
=CAT  \\$a6490$b40$c20210204$lBLL01$h1122
=FIN  \\$aY$d20081115
=LKR  \\$aPAR$lBLL01$r776$b001916959$mMoral Plays$nMoral Plays
=DGM  \\$a001916959$bCatBridge variable field
=DRT  \\$aMSD
=SRC  \\$aMSD$bmsdig_000051
=LAS  \\$a6490$b40$c20210204$lBLL01$h1122

