=LDR  02351 am a22005773  4500
=001  014816166
=003  Uk
=005  20210210100539.0
=007  cr\mn\024mpadp
=007  cr\mn\024mpada
=008  880126s1898\\\\it\\\\\\s\\\\\000\p\ita\\
=FMT  \\$a  BK
=040  \\$aUk$cUk$dUk
=041  1\$aita$heng
=245  00$aTraduzioni poetiche dall'inglese$h[electronic resource] /$cLodovico Biagi.
=260  \\$aFirenze :$bR. Bemporad & Figlio, editori,$c1898.
=300  \\$a123, [4] p. ;$c21 cm.
=336  \\$atext$2rdacontent
=337  \\$acomputer$2rdamedia
=338  \\$aonline resource$2rdacarrier
=500  \\$aTranslator's name at head of title.
=500  \\$aContains translations of Hellas by Percy Bysshe Shelley, and selections by Alfred Tennyson, Alfred Austin, and Henry W. Longfellow.
=650  \0$aAmerican poetry$vTranslations into Italian.
=650  \0$aEnglish poetry$vTranslations into Italian.
=650  \0$aItalian poetry$xTranslations from English.
=700  1\$aBiagi, Lodovico.
=700  12$aAustin, Alfred,$d1835-1913.$tPoems.$kSelections.$lItalian.
=700  12$aLongfellow, Henry Wadsworth,$d1807-1882.$tPoems.$kSelections.$lItalian.
=700  12$aShelley, Percy Bysshe,$d1792-1822.$tHellas.$lItalian.
=700  12$aTennyson, Alfred Tennyson,$cBaron,$d1809-1892.$tPoems.$kSelections.$lItalian.
=859  \\$aXLD$bMS Digitised
=985  \\$aCorrected by MS generated file for WR# 11/211
=985  \\$aRecord amended for WR# 13/070
=CAT  \\$aBATCH-MSDN$b00$c20081116$lBLL01$h1154
=CAT  \\$aBATCH$b00$c20081116$lBLL01$h1403
=CAT  \\$aBATCH-UPD$b00$c20100501$lBLL01$h0039
=CAT  \\$a8874$b40$c20120126$lBLL01$h1437
=CAT  \\$aWR13_070$b00$c20130504$lBLL01$h0307
=CAT  \\$aWR13.117$c20130720$lBLL01$h1908
=CAT  \\$aWR14.046$c20140417$lBLL01$h1713
=CAT  \\$aWR13.144/5$c20140418$lBLL01$h1008
=CAT  \\$aWR11_211$c20141230$lBLL01$h1738
=CAT  \\$aBLSS-CORR$b00$c20141230$lBLL01$h1743
=CAT  \\$aBATCH-DCW$c20160710$lBLL01$h1803
=CAT  \\$a7764$b40$c20210210$lBLL01$h1005
=FIN  \\$aY$d20081116
=LKR  \\$aPAR$lBLL01$r776$b000311458$mTraduzioni poetiche dall'inglese$nTraduzioni poetiche dall'inglese
=DGM  \\$a000311458$bCatBridge variable field
=DRT  \\$aMSD
=SRC  \\$aMSD$bmsdig_000052
=LAS  \\$a7764$b40$c20210210$lBLL01$h1005

