=LDR  02676cam a22005053  4500
=001  014816169
=003  Uk
=005  20220615170753.0
=007  cr\mn\024mpadp
=007  cr\mn\024mpada
=008  880412|1843|||||||\\\\|s\\\\\|||\||eng\\
=FMT  \\$a  BK
=040  \\$aUk$cUk
=100  1\$aCAVENDISH, William,$cDuke of Newcastle.
=245  10$a[A Declaration made by the Earl of New-castle ... for his resolution of Marching into Yorkshire. As also a just vindication of himself from that ... aspersion laid upon him, for entertaining some Popish recusants in his forces.]$h[electronic resource]
=264  \1$aNewcastle :$bM. A. Richardson,$c1843.
=300  \\$a19 pages ;$c(8º)
=336  \\$atext$2rdacontent
=337  \\$acomputer$2rdamedia
=338  \\$aonline resource$2rdacarrier
=340  \\$m8vo$2rdabf
=490  0\$a[Reprints of Rare Tracts, etc. Historical. vol. 1.]
=787  0\$tA Declaration made by the Earl of New-castle ... for his resolution of Marching into Yorkshire. As also a just vindication of himself from that ... aspersion laid upon him, for entertaining some Popish recusants in his forces.$w(Uk)MP1.0000673143$dpp. 8. London, 1642. 4º.
=859  \\$aXLD$bMS Digitised
=985  \\$aCorrected by MS generated file for WR# 1805-0738
=985  \\$aCorrected by MS generated file for WR# 2206-0922 (250 field removed)
=CAT  \\$aBATCH-MSDN$b00$c20081116$lBLL01$h1154
=CAT  \\$aBATCH$b00$c20081116$lBLL01$h1403
=CAT  \\$aBATCH$b00$c20091225$lBLL01$h0211
=CAT  \\$aBATCH-UPD$b00$c20100501$lBLL01$h0039
=CAT  \\$aWR12-140$c20121030$lBLL01$h1037
=CAT  \\$aWR13.117$c20130720$lBLL01$h1908
=CAT  \\$aWR14.046$c20140417$lBLL01$h1713
=CAT  \\$aWR13.144/5$c20140418$lBLL01$h1008
=CAT  \\$aW1807-0595$c20180717$lBLL01$h1729
=CAT  \\$a1805-0738$c20181228$lBLL01$h1819
=CAT  \\$a1805-0738$b00$c20181228$lBLL01$h1906
=CAT  \\$a6490$b40$c20210204$lBLL01$h1105
=CAT  \\$aW2206-0922$c20220615$lBLL01$h1707
=FIN  \\$aY$d20081116
=LKR  \\$aPAR$lBLL01$r776$b000640331$m[A Declaration made by the Earl of New-castle ... for his resolution of Marching into Yorkshire. As also a just vindication of himself from that ... aspersion laid upon him, for entertaining some Popish recusants in his forces.]$n[A Declaration made by the Earl of New-castle ... for his resolution of Marching into Yorkshire. As also a just vindication of himself from that ... aspersion laid upon him, for entertaining some Popish recusants in his forces.]
=DGM  \\$a000640331$bCatBridge variable field
=DRT  \\$aMSD
=SRC  \\$aMSD$bmsdig_000052
=LAS  \\$aW2206-0922$b00$c20220615$lBLL01$h1707

