=LDR  03420cam a22005533  4500
=001  014816170
=003  Uk
=005  20220615170753.0
=007  cr\mn\024mpadp
=007  cr\mn\024mpada
=008  880412|1843|||||||\\\\|s\\\\||||\||eng\\
=FMT  \\$a  BK
=040  \\$aUk$cUk
=100  0\$aCharles$bI,$cKing of England,$d1600-1649.
=240  10$aAppendix. Biography. II. Separate Events. 1646. May 1646-Jan. 1647. Negotiations at Newcastle
=245  10$a[A Paper of Advices to the King. Which were lately to be presented to him at Newcastle, by the malignant faction. Wherein the King is advised, what to stand upon in the propositions of peace to be sent to His Majesty. Transmitted in a letter, bearing date at Newcastle, 3 July 1646, from an intelligent person, etc.]$h[electronic resource]
=264  \1$aNewcastle :$bM. A. Richardson,$c1843.
=300  \\$a11 pages ;$c(8º)
=336  \\$atext$2rdacontent
=337  \\$acomputer$2rdamedia
=338  \\$aonline resource$2rdacarrier
=340  \\$m8vo$2rdabf
=490  0\$a[Reprints of Rare Tracts and Imprints of Antient Manuscripts, etc. Historical. vol. 2.]
=500  \\$aOne of an edition of 100 copies.
=787  0\$tA Paper of Advices to the King. Which were lately to be presented to him at Newcastle, by the malignant faction. Wherein the King is advised, what to stand upon in the propositions of peace to be sent to His Majesty. Transmitted in a letter, bearing date at Newcastle, 3 July 1646, from an intelligent person, etc.$w(Uk)MP1.0000699856$dpp. 6. For Thomas Hewer: London, 1646. 4º.
=859  \\$aXLD$bMS Digitised
=883  0\$aLanguage codes assigned by Bayesian analysis of words present in record$d20201028$qUk$c0.9010
=985  \\$aCorrected by MS generated file for WR# 1805-0738
=985  \\$aUpgraded by BSS-generated file for WR2011-1472
=985  \\$aCorrected by MS generated file for WR# 2206-0922 (250 field removed)
=CAT  \\$aBATCH-MSDN$b00$c20081116$lBLL01$h1154
=CAT  \\$aBATCH$b00$c20081116$lBLL01$h1403
=CAT  \\$aBATCH$b00$c20091225$lBLL01$h0211
=CAT  \\$aBATCH-UPD$b00$c20100501$lBLL01$h0039
=CAT  \\$aWR12-140$c20121030$lBLL01$h1037
=CAT  \\$aWR13.117$c20130720$lBLL01$h1908
=CAT  \\$aWR14.046$c20140417$lBLL01$h1713
=CAT  \\$aWR13.144/5$c20140418$lBLL01$h1008
=CAT  \\$a1805-0738$c20181228$lBLL01$h1819
=CAT  \\$a1805-0738$b00$c20181228$lBLL01$h1906
=CAT  \\$aW2011-1472$b00$c20201127$lBLL01$h1825
=CAT  \\$a6490$b40$c20210204$lBLL01$h1107
=CAT  \\$aW2206-0922$c20220615$lBLL01$h1707
=FIN  \\$aY$d20081116
=LKR  \\$aPAR$lBLL01$r776$b000664990$m[A Paper of Advices to the King. Which were lately to be presented to him at Newcastle, by the malignant faction. Wherein the King is advised, what to stand upon in the propositions of peace to be sent to His Majesty. Transmitted in a letter, bearing date at Newcastle, 3 July 1646, from an intelligent person, etc.]$n[A Paper of Advices to the King. Which were lately to be presented to him at Newcastle, by the malignant faction. Wherein the King is advised, what to stand upon in the propositions of peace to be sent to His Majesty. Transmitted in a letter, bearing date at Newcastle, 3 July 1646, from an intelligent person, etc.]
=DGM  \\$a000664990$bCatBridge variable field
=DRT  \\$aMSD
=SRC  \\$aMSD$bmsdig_000052
=LAS  \\$aW2206-0922$b00$c20220615$lBLL01$h1707

