=LDR  02286 am a22005293  4500
=001  014816171
=003  Uk
=005  20210204110322.0
=007  cr\mn\024mpadp
=007  cr\mn\024mpada
=008  880509|1845|||||||\\\\|s\\\\\|||\||eng\\
=FMT  \\$a  BK
=040  \\$aUk$cUk
=100  1\$aCLIFFE, Thomas.
=245  14$aThe Humble Petition and Appeal of Thomas Cliffe, a poor shipwright, inhabiting at Northshields. [The editor's advertisement signed: C. S.]$h[electronic resource]
=264  \1$aNewcastle :$bM. A. Richardson,$c1845.
=300  \\$a17 pages ;$c(8º)
=336  \\$atext$2rdacontent
=337  \\$acomputer$2rdamedia
=338  \\$aonline resource$2rdacarrier
=340  \\$m8vo$2rdabf
=490  0\$a[Reprints of Rare Tracts & Imprints of Antient Manuscripts, etc. vol. 2.]
=500  \\$aOne of an edition of 100 copies.
=700  1\$aS., C.
=886  2\$2blmarc$a709$b00$aS.$hC.$p1077.f.85.$x2862710288
=859  \\$aXLD$bMS Digitised
=883  0\$aLanguage codes assigned by Bayesian analysis of words present in record$d20201028$qUk$c0.9010
=985  \\$aCorrected by MS generated file for WR# 1805-0738
=985  \\$aUpgraded by BSS-generated file for WR2011-1472
=CAT  \\$aBATCH-MSDN$b00$c20081116$lBLL01$h1154
=CAT  \\$aBATCH$b00$c20081116$lBLL01$h1403
=CAT  \\$aBATCH$b00$c20091225$lBLL01$h0211
=CAT  \\$aBATCH-UPD$b00$c20100501$lBLL01$h0039
=CAT  \\$aWR12-140$c20121030$lBLL01$h1037
=CAT  \\$aWR13.117$c20130720$lBLL01$h1908
=CAT  \\$aWR14.046$c20140417$lBLL01$h1713
=CAT  \\$aWR13.144/5$c20140418$lBLL01$h1008
=CAT  \\$a1805-0738$c20181228$lBLL01$h1819
=CAT  \\$a1805-0738$b00$c20181228$lBLL01$h1906
=CAT  \\$aW2011-1472$b00$c20201127$lBLL01$h1825
=CAT  \\$a6490$b40$c20210204$lBLL01$h1103
=FIN  \\$aY$d20081116
=LKR  \\$aPAR$lBLL01$r776$b000725461$mThe Humble Petition and Appeal of Thomas Cliffe, a poor shipwright, inhabiting at Northshields. [The editor's advertisement signed: C. S.]$nThe Humble Petition and Appeal of Thomas Cliffe, a poor shipwright, inhabiting at Northshields. [The editor's advertisement signed: C. S.]
=DGM  \\$a000725461$bCatBridge variable field
=DRT  \\$aMSD
=SRC  \\$aMSD$bmsdig_000052
=LAS  \\$a6490$b40$c20210204$lBLL01$h1103

