=LDR  01791 am a22004453  4500
=001  014816172
=003  Uk
=005  20210204112430.0
=007  cr\mn\024mpadp
=007  cr\mn\024mpada
=008  880308s1829\\\\fr\\\\\\s\\\\\000\p\eng\\
=FMT  \\$a  BK
=040  \\$aUk$cUk
=100  1\$aColeridge, Samuel Taylor,$d1772-1834.
=240  10$aPoems
=245  14$aThe poetical works of Coleridge, Shelley, and Keats$h[electronic resource] :$bcomplete in one volume.
=260  \\$aParis :$bA. and W. Galignani,$c1829.
=300  \\$a225, 275, 75, [29] p., [1] leaf of plates :$bports. ;$c25 cm.
=336  \\$atext$2rdacontent
=337  \\$acomputer$2rdamedia
=338  \\$aonline resource$2rdacarrier
=500  \\$aThe Shelley and Keats parts are the first collected editions of the two poets. Cf. C.H. Taylor. The early collected editions of Shelley's poems. and J.R. MacGillivray. Keats.
=700  12$aShelley, Percy Bysshe,$d1792-1822.$tPoems.
=700  12$aKeats, John,$d1795-1821.$tPoems.
=859  \\$aXLD$bMS Digitised
=CAT  \\$aBATCH-MSDN$b00$c20081116$lBLL01$h1154
=CAT  \\$aBATCH$b00$c20081116$lBLL01$h1403
=CAT  \\$aBATCH-UPD$b00$c20100501$lBLL01$h0039
=CAT  \\$a8874$b40$c20120127$lBLL01$h1322
=CAT  \\$aWR13.117$c20130720$lBLL01$h1908
=CAT  \\$aWR14.046$c20140417$lBLL01$h1713
=CAT  \\$aWR13.144/5$c20140418$lBLL01$h1008
=CAT  \\$aBATCH-DCW$c20160710$lBLL01$h1803
=CAT  \\$a6490$b40$c20210204$lBLL01$h1124
=FIN  \\$aY$d20081116
=LKR  \\$aPAR$lBLL01$r776$b000742145$mThe poetical works of Coleridge, Shelley, and Keats$nThe poetical works of Coleridge, Shelley, and Keats
=DGM  \\$a000742145$bCatBridge variable field
=DRT  \\$aMSD
=SRC  \\$aMSD$bmsdig_000052
=LAS  \\$a6490$b40$c20210204$lBLL01$h1124

