=LDR  01810 am a22004933  4500
=001  014816174
=003  Uk
=005  20210208134740.0
=007  cr\mn\024mpadp
=007  cr\mn\024mpada
=008  040407s1683\\\\enk\\\\\s\\\\\000\d\eng\\
=FMT  \\$a  BK
=040  \\$aUk$cUk
=100  1\$aDryden, John,$d1631-1700.
=245  14$aThe Duke of Guise$h[electronic resource].$bA tragedy. Acted by their Majesties Servants. Written by Mr. Dryden, and Mr. Lee.
=264  \1$aLondon :$bR. Bentley; J. Tonson; printed by T. H,$c1683.
=300  \\$a76 pages :$bmusic ;$c(4º)
=336  \\$atext$2rdacontent
=337  \\$acomputer$2rdamedia
=338  \\$aonline resource$2rdacarrier
=340  \\$m4to$2rdabf
=859  \\$aXLD$bMS Digitised
=985  \\$aCorrected by MS generated file for WR# 11/211
=985  \\$aCorrected by MS generated file for WR# 1805-0738
=CAT  \\$aBATCH-MSDN$b00$c20081116$lBLL01$h1154
=CAT  \\$aBATCH-UPD$b00$c20081116$lBLL01$h1155
=CAT  \\$aBATCH$b00$c20081116$lBLL01$h1403
=CAT  \\$aBATCH-UPD$b00$c20100501$lBLL01$h0039
=CAT  \\$a8874$b40$c20120130$lBLL01$h1047
=CAT  \\$aWR13.117$c20130720$lBLL01$h1908
=CAT  \\$aWR14.046$c20140417$lBLL01$h1713
=CAT  \\$aWR13.144/5$c20140418$lBLL01$h1008
=CAT  \\$aWR11_211$c20141230$lBLL01$h1738
=CAT  \\$aBLSS-CORR$b00$c20141230$lBLL01$h1743
=CAT  \\$aBATCH-DCW$c20160710$lBLL01$h1803
=CAT  \\$a1805-0738$c20181228$lBLL01$h1819
=CAT  \\$a1805-0738$b00$c20181228$lBLL01$h1906
=CAT  \\$a6490$b40$c20210208$lBLL01$h1347
=FIN  \\$aY$d20081116
=LKR  \\$aPAR$lBLL01$r776$b000987705$mThe Duke of Guise.$nThe Duke of Guise.
=DGM  \\$a000987705$bCatBridge variable field
=DRT  \\$aMSD
=SRC  \\$aMSD$bmsdig_000052
=LAS  \\$a6490$b40$c20210208$lBLL01$h1347

