=LDR  02193 am a22005053  4500
=001  014816175
=003  Uk
=005  20210211162121.0
=007  cr\mn\024mpadp
=007  cr\mn\024mpada
=008  040407r18741662enka\\\\s\\\\\000\0\eng\\
=FMT  \\$a  BK
=040  \\$aUk$cUk$dUk
=245  00$aRump, or, An Exact collection of the choycest poems and songs relating to the late times by the most eminent wits, from anno 1639. to anno 1661.$h[electronic resource] /$cBy the most eminent wits, from anno 1639. to anno 1661.
=260  \\$a[S.l.] :$b[s.n.],$c[1874?].
=300  \\$a2 v. :$bfront. ;$c19 cm.
=336  \\$atext$2rdacontent
=337  \\$acomputer$2rdamedia
=338  \\$aonline resource$2rdacarrier
=500  \\$aCaption and running title: Rump songs.
=500  \\$aWith facsimiles of original frontispiece and engraved t.-p.: An Exact collection of ye choicest poems & songs, relating to the late times, & continued by the most eminent witts, from Ao 1639 to 1661.
=500  \\$aReprint of the ed. : London : Printed for Henry Brome at the Gun in Ivy-lane, and Henry Marsh at the Princes Armes in Chancery-lane,1662
=651  \0$aGreat Britain$xHistory$yPuritan Revolution, 1642-1660.
=650  \0$aPuritans.
=650  \0$aPolitical ballads and songs, English.
=740  00$aExact collection of ye choicest poems & songs.
=859  \\$aXLD$bMS Digitised
=CAT  \\$aBATCH-MSDN$b00$c20081116$lBLL01$h1154
=CAT  \\$aBATCH-UPD$b00$c20081116$lBLL01$h1155
=CAT  \\$aBATCH$b00$c20081116$lBLL01$h1403
=CAT  \\$a12179$b40$c20090420$lBLL01$h1438
=CAT  \\$aBATCH-UPD$b40$c20100501$lBLL01$h0039
=CAT  \\$a8874$b40$c20120130$lBLL01$h1104
=CAT  \\$aWR13.117$c20130720$lBLL01$h1908
=CAT  \\$aWR14.046$c20140417$lBLL01$h1713
=CAT  \\$aWR13.144/5$c20140418$lBLL01$h1008
=CAT  \\$a8874$b40$c20141216$lBLL01$h0819
=CAT  \\$aBATCH-DCW$c20160710$lBLL01$h1803
=CAT  \\$a7764$b40$c20210211$lBLL01$h1621
=FIN  \\$aY$d20081116
=LKR  \\$aPAR$lBLL01$r776$b001087806$mRump$nRump
=DGM  \\$a001087806$bCatBridge variable field
=DRT  \\$aMSD
=SRC  \\$aMSD$bmsdig_000052
=LAS  \\$a7764$b40$c20210211$lBLL01$h1621

