=LDR  01621 am a22004453  4500
=001  014816176
=003  Uk
=005  20210204112654.0
=007  cr\mn\024mpadp
=007  cr\mn\024mpada
=008  880823s1829\\\\enk\\\\\s\\\\\000\p\eng\\
=FMT  \\$a  BK
=040  \\$aUk$cUk$dUk
=100  1\$aGoddard, J. G.
=245  10$aMelanthus before the Flood$h[electronic resource] :$b[a poem] illustrative of the difference between the Soul and the material mind./$cBy J. G. G. [i.e. J. G. Goddard?]
=264  \1$aLondon :$bPrivately printed,$c1829.
=300  \\$ax, 120 pages ;$c(8º)
=336  \\$atext$2rdacontent
=337  \\$acomputer$2rdamedia
=338  \\$aonline resource$2rdacarrier
=340  \\$m8vo$2rdabf
=859  \\$aXLD$bMS Digitised
=985  \\$aCorrected by MS generated file for WR# 1805-0738
=CAT  \\$aBATCH-MSDN$b00$c20081116$lBLL01$h1154
=CAT  \\$aBATCH$b00$c20081116$lBLL01$h1403
=CAT  \\$aBATCH-UPD$b00$c20100501$lBLL01$h0039
=CAT  \\$a8874$b40$c20120131$lBLL01$h0802
=CAT  \\$aWR13.117$c20130720$lBLL01$h1908
=CAT  \\$aWR14.046$c20140417$lBLL01$h1713
=CAT  \\$aWR13.144/5$c20140418$lBLL01$h1008
=CAT  \\$aBATCH-DCW$c20160710$lBLL01$h1803
=CAT  \\$a1805-0738$c20181228$lBLL01$h1819
=CAT  \\$a1805-0738$b00$c20181228$lBLL01$h1906
=CAT  \\$a6490$b40$c20210204$lBLL01$h1126
=FIN  \\$aY$d20081116
=LKR  \\$aPAR$lBLL01$r776$b001345851$mMelanthus before the Flood$nMelanthus before the Flood
=DGM  \\$a001345851$bCatBridge variable field
=DRT  \\$aMSD
=SRC  \\$aMSD$bmsdig_000052
=LAS  \\$a6490$b40$c20210204$lBLL01$h1126

