=LDR  01632 am a22004453  4500
=001  014816177
=003  Uk
=005  20210203135734.0
=007  cr\mn\024mpadp
=007  cr\mn\024mpada
=008  880906s1858\\\\stk\\\\\s\\\\\000\p\eng\\
=FMT  \\$a  BK
=040  \\$aUk$cUk$dUk
=100  1\$aArmstrong, John,$d1709-1779.
=245  14$aThe Poetical works of Armstrong, Dyer, and Green$h[electronic resource] /$cwith memoirs and critical dissertations, by George Gilfillan.
=260  \\$aEdinburgh :$bJames Nichol,$c1858.
=300  \\$axxii, 281 p. ;$c22 cm.
=336  \\$atext$2rdacontent
=337  \\$acomputer$2rdamedia
=338  \\$aonline resource$2rdacarrier
=700  1\$aDyer, John,$d1700?-1758.
=700  1\$aGreen, Matthew,$d1696-1737.
=700  1\$aGilfillan, George,$d1813-1878.
=859  \\$aXLD$bMS Digitised
=CAT  \\$aBATCH-MSDN$b00$c20081116$lBLL01$h1154
=CAT  \\$aBATCH$b00$c20081116$lBLL01$h1403
=CAT  \\$aBATCH-UPD$b00$c20100501$lBLL01$h0039
=CAT  \\$a8874$b40$c20120131$lBLL01$h0900
=CAT  \\$a6550$b40$c20120418$lBLL01$h1436
=CAT  \\$aWR13.117$c20130720$lBLL01$h1908
=CAT  \\$aWR14.046$c20140417$lBLL01$h1713
=CAT  \\$aWR13.144/5$c20140418$lBLL01$h1008
=CAT  \\$aBATCH-DCW$c20160710$lBLL01$h1803
=CAT  \\$a6490$b40$c20210203$lBLL01$h1357
=FIN  \\$aY$d20081116
=LKR  \\$aPAR$lBLL01$r776$b001422632$mThe Poetical works of Armstrong, Dyer, and Green$nThe Poetical works of Armstrong, Dyer, and Green
=DGM  \\$a001422632$bCatBridge variable field
=DRT  \\$aMSD
=SRC  \\$aMSD$bmsdig_000052
=LAS  \\$a6490$b40$c20210203$lBLL01$h1357

