=LDR  01800 am a22004933  4500
=001  014816179
=003  Uk
=005  20210208135424.0
=007  cr\mn\024mpadp
=007  cr\mn\024mpada
=008  880908s1671\\\\enk\\\\\s\\\\\000\d\eng\\
=FMT  \\$a  BK
=040  \\$aUk$cUk$dUk
=100  1\$aHoward, Edward,$d1624-1712.
=245  14$aThe Womens Conquest$h[electronic resource].$ba tragi-comedy : as it was acted by His Highness the Duke of York's servants /$cWritten by the Honourable E.H.
=264  \1$aLondon :$bPrinted by J.M. for H. Herringman,$c1671.
=300  \\$c(4º)
=336  \\$atext$2rdacontent
=337  \\$acomputer$2rdamedia
=338  \\$aonline resource$2rdacarrier
=340  \\$m4to$2rdabf
=500  \\$aWritten by Edward Howard.
=859  \\$aXLD$bMS Digitised
=985  \\$aRecord amended for WR# 13/070
=985  \\$aCorrected by MS generated file for WR# 1805-0738
=CAT  \\$aBATCH-MSDN$b00$c20081116$lBLL01$h1154
=CAT  \\$aBATCH$b00$c20081116$lBLL01$h1403
=CAT  \\$aBATCH-UPD$b00$c20100501$lBLL01$h0039
=CAT  \\$a8874$b40$c20120131$lBLL01$h1038
=CAT  \\$aWR13_070$b00$c20130504$lBLL01$h0307
=CAT  \\$aWR13.117$c20130720$lBLL01$h1908
=CAT  \\$aWR14.046$c20140417$lBLL01$h1713
=CAT  \\$aWR13.144/5$c20140418$lBLL01$h1008
=CAT  \\$aBATCH-UPD$b00$c20140627$lBLL01$h1436
=CAT  \\$aBATCH-DCW$c20160710$lBLL01$h1803
=CAT  \\$a1805-0738$c20181228$lBLL01$h1819
=CAT  \\$a1805-0738$b00$c20181228$lBLL01$h1906
=CAT  \\$a6490$b40$c20210208$lBLL01$h1354
=FIN  \\$aY$d20081116
=LKR  \\$aPAR$lBLL01$r776$b001552331$mThe Womens Conquest$nThe Womens Conquest
=DGM  \\$a001552331$bCatBridge variable field
=DRT  \\$aMSD
=SRC  \\$aMSD$bmsdig_000052
=LAS  \\$a6490$b40$c20210208$lBLL01$h1354

