=LDR  02088 am a22005533  4500
=001  014816180
=003  Uk
=005  20210204113808.0
=007  cr\mn\024mpadp
=007  cr\mn\024mpada
=008  880908s1824\\\\enka\\\\s\\\\\000\0beng\\
=FMT  \\$a  BK
=040  \\$aUk$cUk
=100  1\$aHayley, William,$d1745-1820.
=245  14$aThe life and letters of William Cowper, esq.$h[electronic resource] :$bwith remarks on epistolary writers /$cby William Hayley.
=250  \\$aA new ed. :$bwith a portrait.
=260  \\$aLondon :$bBaldwin, Cradock, & Joy,$c1824.
=300  \\$a3 vol., [1] leaf of plates :$bport. ;$c23 cm.
=336  \\$atext$2rdacontent
=337  \\$acomputer$2rdamedia
=338  \\$aonline resource$2rdacarrier
=600  10$aCowper, William,$d1731-1800.
=700  1\$aSouthey, Robert,$d1774-1843.
=859  \\$aXLD$bMS Digitised
=985  \\$aCorrected by MS generated file for WR# 11/211
=CAT  \\$aBATCH-MSDN$b00$c20081116$lBLL01$h1154
=CAT  \\$aBATCH-UPD$b00$c20081116$lBLL01$h1155
=CAT  \\$aBATCH$b00$c20081116$lBLL01$h1403
=CAT  \\$aBATCH-MSDE$b00$c20081119$lBLL01$h0941
=CAT  \\$aBATCH$b00$c20081119$lBLL01$h1050
=CAT  \\$aBATCH-MSDE$b00$c20081120$lBLL01$h1132
=CAT  \\$aBATCH$b00$c20081120$lBLL01$h1649
=CAT  \\$aBATCH-UPD$b00$c20100501$lBLL01$h0039
=CAT  \\$a8874$b40$c20120202$lBLL01$h1157
=CAT  \\$aWR13.117$c20130720$lBLL01$h1908
=CAT  \\$aWR14.046$c20140417$lBLL01$h1713
=CAT  \\$aWR13.144/5$c20140418$lBLL01$h1008
=CAT  \\$aWR11_211$c20141230$lBLL01$h1734
=CAT  \\$aBLSS-CORR$b00$c20141230$lBLL01$h1743
=CAT  \\$aBATCH-DCW$c20160710$lBLL01$h1803
=CAT  \\$a6490$b40$c20210204$lBLL01$h1138
=FIN  \\$aY$d20081120
=LKR  \\$aPAR$lBLL01$r776$b001626316$mThe life and letters of William Cowper, esq.$nThe life and letters of William Cowper, esq.
=DGM  \\$a001626316$bCatBridge variable field
=DRT  \\$aMSD
=SRC  \\$aMSD$bmsdig_000053
=SRC  \\$aMSD$bmsdig_000054
=SRC  \\$aMSD$bmsdig_000052
=LAS  \\$a6490$b40$c20210204$lBLL01$h1138

