=LDR  02118 am a22005413  4500
=001  014816181
=003  Uk
=005  20210211144020.0
=007  cr\mn\024mpadp
=007  cr\mn\024mpada
=008  890224s1883\\\\stk\\\\\s\\\\\000\1\eng\\
=FMT  \\$a  BK
=040  \\$aUk$cUk
=100  10$aJacque, George.
=245  12$aA Strange Life; or, the life of a literary vagrant$h[electronic resource].$cBy the author of "The Clouds," "Hope : its Lights and Shadows." [i.e. George Jacque.]
=264  \1$aGlasgow :$bMarr & Co,$c[1883]
=300  \\$a5 parts ;$c(8º)
=336  \\$atext$2rdacontent
=337  \\$acomputer$2rdamedia
=338  \\$aonline resource$2rdacarrier
=500  \\$aThe wrapper reads: "The Student's Career," etc.
=505  0\$aA Strange Life; or, the life of a literary vagrant -- Walter Ogilvy and other tales. -- The Select Songs of Burns and Tannahill.
=700  1\$aBurns, Robert,$d1759-1796.
=700  1\$aTannahill, Robert,$d1774-1810.
=859  \\$aXLD$bMS Digitised
=985  \\$aCorrected by MS generated file for WR# 11/211
=985  \\$aCorrected by MS generated file for WR# 1805-0738
=CAT  \\$aBATCH-MSDN$b00$c20081116$lBLL01$h1154
=CAT  \\$aBATCH$b00$c20081116$lBLL01$h1403
=CAT  \\$aBATCH-UPD$b00$c20100501$lBLL01$h0039
=CAT  \\$a8874$b40$c20120202$lBLL01$h1443
=CAT  \\$aWR13.117$c20130720$lBLL01$h1908
=CAT  \\$aWR14.046$c20140417$lBLL01$h1713
=CAT  \\$aWR13.144/5$c20140418$lBLL01$h1008
=CAT  \\$aWR11_211$c20141230$lBLL01$h1738
=CAT  \\$aBLSS-CORR$b00$c20141230$lBLL01$h1743
=CAT  \\$aBATCH-UPD$b00$c20141230$lBLL01$h1805
=CAT  \\$aBATCH-DCW$c20160710$lBLL01$h1803
=CAT  \\$a1805-0738$c20181228$lBLL01$h1819
=CAT  \\$a1805-0738$b00$c20181228$lBLL01$h1906
=CAT  \\$aW2001-2376$c20200619$lBLL01$h1941
=CAT  \\$a7764$b40$c20210211$lBLL01$h1440
=FIN  \\$aY$d20081116
=LKR  \\$aPAR$lBLL01$r776$b002167280$mA Strange Life$nA Strange Life
=DGM  \\$a002167280$bCatBridge variable field
=DRT  \\$aMSD
=SRC  \\$aMSD$bmsdig_000052
=LAS  \\$a7764$b40$c20210211$lBLL01$h1440

