=LDR  02134 am a22004813  4500
=001  014816182
=003  Uk
=005  20210204104440.0
=007  cr\mn\024mpadp
=007  cr\mn\024mpada
=008  890522s1854\\\\enk\\\\\s\\\\\000\0\eng\\
=FMT  \\$a  BK
=040  \\$aUk$cUk
=100  1\$aMacgregor, Robert Guthrie.
=245  10$aIndian leisure$h[electronic resource] :$bPetrarch, On the character of Othello, Agamemnon, the Henriad, anthology /$cby Robert Guthrie MacGregor.
=260  \\$aLondon :$bSmith, Elder,$c1854.
=300  \\$a580 p. ;$c21 cm.
=336  \\$atext$2rdacontent
=337  \\$acomputer$2rdamedia
=338  \\$aonline resource$2rdacarrier
=500  \\$aA collection of poems and plays translated from the Italian, French, etc., with an essay by the author.
=600  10$aPetrarca, Francesco,$d1304-1374$xTranslations into English.
=650  \0$aEnglish poetry$y19th century$xTranslations from foreign languages.
=650  \0$aEnglish drama$y19th century$xTranslations from foreign languages.
=700  1\$aPetrarca, Francesco,$d1304-1374.$tRime.$lEnglish.
=700  1\$aAlfieri, Vittorio,$d1749-1803.$tAgamennone.$lEnglish.
=700  1\$aVoltaire,$d1694-1778.$tHenriade.$lEnglish.
=859  \\$aXLD$bMS Digitised
=CAT  \\$aBATCH-MSDN$b00$c20081116$lBLL01$h1154
=CAT  \\$aBATCH$b00$c20081116$lBLL01$h1403
=CAT  \\$aBATCH-UPD$b00$c20100501$lBLL01$h0039
=CAT  \\$a8874$b40$c20120203$lBLL01$h1252
=CAT  \\$aWR13.117$c20130720$lBLL01$h1908
=CAT  \\$aWR14.046$c20140417$lBLL01$h1713
=CAT  \\$aWR13.144/5$c20140418$lBLL01$h1008
=CAT  \\$aBATCH-DCW$c20160710$lBLL01$h1803
=CAT  \\$a6490$b40$c20210204$lBLL01$h1044
=FIN  \\$aY$d20081116
=LKR  \\$aPAR$lBLL01$r776$b002316201$mIndian Leisure. Petrarch. [Translations in verse.] On the character of Othello, Agamemnon, the Henriad, Anthology.$nIndian Leisure. Petrarch. [Translations in verse.] On the character of Othello, Agamemnon, the Henriad, Anthology.
=DGM  \\$a002316201$bCatBridge variable field
=DRT  \\$aMSD
=SRC  \\$aMSD$bmsdig_000052
=LAS  \\$a6490$b40$c20210204$lBLL01$h1044

