=LDR  01863 am a22005293  4500
=001  014816183
=003  Uk
=005  20210210100337.0
=007  cr\mn\024mpadp
=007  cr\mn\024mpada
=008  890522|1900|||||||\\\\|s\\\\\|||\||eng\\
=FMT  \\$a  BK
=040  \\$aUk$cUk
=100  1\$aMarryat, Frederick,$d1792-1848.
=240  10$aSingle Works
=245  10$aMr. Midshipman Easy ... Illustrated, etc.$h[electronic resource]
=300  \\$aix, 333 p.
=336  \\$atext$2rdacontent
=337  \\$acomputer$2rdamedia
=338  \\$aonline resource$2rdacarrier
=580  \\$aIn : Novels. Famous Novels of the Sea. 1900. 8º.
=859  \\$aXLD$bMS Digitised
=CAT  \\$aBATCH-MSDN$b00$c20081116$lBLL01$h1154
=CAT  \\$aBATCH$b00$c20081116$lBLL01$h1403
=CAT  \\$aBATCH-MSDE$b00$c20081119$lBLL01$h0941
=CAT  \\$aBATCH$b00$c20081119$lBLL01$h1050
=CAT  \\$aBATCH-MSDE$b00$c20081120$lBLL01$h0921
=CAT  \\$aBATCH$b00$c20081120$lBLL01$h0956
=CAT  \\$aBATCH-MSDE$b00$c20081120$lBLL01$h1132
=CAT  \\$aBATCH$b00$c20081120$lBLL01$h1649
=CAT  \\$aBATCH-UPD$b00$c20100501$lBLL01$h0039
=CAT  \\$aWR12-140$c20121030$lBLL01$h1036
=CAT  \\$aWR13.117$c20130720$lBLL01$h1908
=CAT  \\$aWR14.046$c20140417$lBLL01$h1713
=CAT  \\$aWR13.144/5$c20140418$lBLL01$h1008
=CAT  \\$aBATCH-UPD$b00$c20151012$lBLL01$h0704
=CAT  \\$aW1807-0595$c20180717$lBLL01$h1729
=CAT  \\$a7764$b40$c20210210$lBLL01$h1003
=FIN  \\$aY$d20081120
=LKR  \\$aPAR$lBLL01$r776$b002391168$mMr. Midshipman Easy ... Illustrated, etc.$nMr. Midshipman Easy ... Illustrated, etc.
=DGM  \\$a002391168$bCatBridge variable field
=DRT  \\$aMSD
=SRC  \\$aMSD$bmsdig_000053
=SRC  \\$aMSD$bmsdig_000055
=SRC  \\$aMSD$bmsdig_000052
=SRC  \\$aMSD$bmsdig_000054
=LAS  \\$a7764$b40$c20210210$lBLL01$h1003

