=LDR  01730 am a22004813  4500
=001  014816184
=003  Uk
=005  20210211090405.0
=007  cr\mn\024mpadp
=007  cr\mn\024mpada
=008  890428s1891\\\\enk\\\\\s\\\\\000\j\eng\\
=FMT  \\$a  BK
=040  \\$aUk$cUk
=245  00$aCoo-ėė$h[electronic resource] :$btales of Australian life by Australian Ladies /$cedited by Mrs. P. M.
=264  \1$aLondon :$bGriffith, Farran & Co,$c[1891]
=300  \\$a318 pages ;$c(8º)
=336  \\$atext$2rdacontent
=337  \\$acomputer$2rdamedia
=338  \\$aonline resource$2rdacarrier
=700  1\$aMARTIN, Harriette Anne Pachett.
=859  \\$aXLD$bMS Digitised
=985  \\$aCorrected by MS generated file for WR# 11/211
=985  \\$aCorrected by MS generated file for WR# 1805-0738
=CAT  \\$aBATCH-MSDN$b00$c20081116$lBLL01$h1154
=CAT  \\$aBATCH$b00$c20081116$lBLL01$h1403
=CAT  \\$aBATCH-UPD$b00$c20100501$lBLL01$h0039
=CAT  \\$a8874$b40$c20120203$lBLL01$h1311
=CAT  \\$aWR13.117$c20130720$lBLL01$h1908
=CAT  \\$aWR14.046$c20140417$lBLL01$h1713
=CAT  \\$aWR13.144/5$c20140418$lBLL01$h1008
=CAT  \\$aWR11_211$c20141230$lBLL01$h1738
=CAT  \\$aBLSS-CORR$b00$c20141230$lBLL01$h1743
=CAT  \\$aBATCH-DCW$c20160710$lBLL01$h1803
=CAT  \\$a1805-0738$c20181228$lBLL01$h1819
=CAT  \\$a1805-0738$b00$c20181228$lBLL01$h1906
=CAT  \\$aW2001-2376$c20200619$lBLL01$h1941
=CAT  \\$a7764$b40$c20210211$lBLL01$h0904
=FIN  \\$aY$d20081116
=LKR  \\$aPAR$lBLL01$r776$b002400048$mCoo-ėė.$nCoo-ėė.
=DGM  \\$a002400048$bCatBridge variable field
=DRT  \\$aMSD
=SRC  \\$aMSD$bmsdig_000052
=LAS  \\$a7764$b40$c20210211$lBLL01$h0904

