=LDR  02265 am a22005413  4500
=001  014816185
=003  Uk
=005  20210211085207.0
=007  cr\mn\024mpadp
=007  cr\mn\024mpada
=008  890428s1894\\\\enk\\\\\s\\\\\000\d\eng\\
=FMT  \\$a  BK
=040  \\$aUk$cUk$dUk
=100  1\$aMartin, Theodore,$d1816-1909.
=245  10$aMadonna Pia$h[electronic resource] :$ba tragedy : and three other dramas /$cwritten and translated by Sir Theodore Martin.
=264  \1$aEdinburgh ;$aLondon :$bW. Blackwood and Sons,$c1894.
=300  \\$a315 pages ;$c(8º)
=336  \\$atext$2rdacontent
=337  \\$acomputer$2rdamedia
=338  \\$aonline resource$2rdacarrier
=505  0\$aMadonna Pia : a tragedy in three acts -- King René's daughter : a Danish lyrical drama / by Henrik Hertz -- The camp of Wallenstein / by Friedrich Schiller -- The gladiator of Ravenna : a tragedy / by Friedrich Halm.
=700  12$aHertz, Henrik,$d1798-1870.$tKong René's datter.$lEnglish.
=700  12$aSchiller, Friedrich,$d1759-1805.$tWallensteins Lager.$lEnglish.
=700  12$aHalm, Friedrich,$d1806-1871.$tFechter von Ravenna.$lEnglish.
=859  \\$aXLD$bMS Digitised
=985  \\$aCorrected by MS generated file for WR# 1805-0738
=CAT  \\$aBATCH-MSDN$b00$c20081116$lBLL01$h1154
=CAT  \\$aBATCH$b00$c20081116$lBLL01$h1403
=CAT  \\$aBATCH-UPD$b00$c20100501$lBLL01$h0039
=CAT  \\$a8874$b40$c20120203$lBLL01$h1358
=CAT  \\$aWR13.117$c20130720$lBLL01$h1908
=CAT  \\$aWR14.046$c20140417$lBLL01$h1713
=CAT  \\$aWR13.144/5$c20140418$lBLL01$h1008
=CAT  \\$a6550$b40$c20141127$lBLL01$h0949
=CAT  \\$aBATCH-DCW$c20160710$lBLL01$h1803
=CAT  \\$a14633$b40$c20170622$lBLL01$h1316
=CAT  \\$aR1811-0573$c20181108$lBLL01$h1733
=CAT  \\$aBATCH-UPD$b00$c20181108$lBLL01$h1747
=CAT  \\$a1805-0738$c20190121$lBLL01$h1741
=CAT  \\$a1805-0738$b00$c20190121$lBLL01$h1744
=CAT  \\$aW2001-2376$c20200619$lBLL01$h1941
=CAT  \\$a7764$b40$c20210211$lBLL01$h0852
=FIN  \\$aY$d20081116
=LKR  \\$aPAR$lBLL01$r776$b002401931$mMadonna Pia$nMadonna Pia
=DGM  \\$a002401931$bCatBridge variable field
=DRT  \\$aMSD
=SRC  \\$aMSD$bmsdig_000052
=LAS  \\$a7764$b40$c20210211$lBLL01$h0852

