=LDR  02078 am a22004573  4500
=001  014816186
=003  Uk
=005  20210211102800.0
=007  cr\mn\024mpadp
=007  cr\mn\024mpada
=008  890601|1889||||enk\\\\|s\\\\\|||\||eng\\
=FMT  \\$a  BK
=040  \\$aUk$cUk
=100  1\$aMENNELL, Philip.
=245  10$aIn Australian Wilds, and other colonial tales and sketches. By B. L. Farjeon, Edward Jenkins, E. S. Rawson, C. Haddon Chambers, H. B. M. Watson, "Tasma," and the editor. Edited by P. Mennell.$h[electronic resource]
=264  \1$aLondon :$bHutchinson & Co,$c1889.
=300  \\$a196 pages ;$c(8º)
=336  \\$atext$2rdacontent
=337  \\$acomputer$2rdamedia
=338  \\$aonline resource$2rdacarrier
=859  \\$aXLD$bMS Digitised
=985  \\$aUpgraded by BSS-generated file for WR1910-0531
=CAT  \\$aBATCH-MSDN$b00$c20081116$lBLL01$h1154
=CAT  \\$aBATCH$b00$c20081116$lBLL01$h1403
=CAT  \\$aBATCH-UPD$b00$c20100501$lBLL01$h0039
=CAT  \\$aWR12-140$c20121030$lBLL01$h1037
=CAT  \\$aWR13.117$c20130720$lBLL01$h1908
=CAT  \\$aWR14.046$c20140417$lBLL01$h1713
=CAT  \\$aWR13.144/5$c20140418$lBLL01$h1008
=CAT  \\$aW1807-0595$c20180717$lBLL01$h1729
=CAT  \\$a1805-0738$c20181228$lBLL01$h1819
=CAT  \\$a1805-0738$b00$c20181228$lBLL01$h1906
=CAT  \\$aW1910-0531$b00$c20191108$lBLL01$h1811
=CAT  \\$aW2001-2376$c20200619$lBLL01$h1941
=CAT  \\$a7764$b40$c20210211$lBLL01$h1028
=FIN  \\$aY$d20081116
=LKR  \\$aPAR$lBLL01$r776$b002459630$mIn Australian Wilds, and other colonial tales and sketches. By B. L. Farjeon, Edward Jenkins, E. S. Rawson, C. Haddon Chambers, H. B. M. Watson, "Tasma," and the editor. Edited by P. Mennell.$nIn Australian Wilds, and other colonial tales and sketches. By B. L. Farjeon, Edward Jenkins, E. S. Rawson, C. Haddon Chambers, H. B. M. Watson, "Tasma," and the editor. Edited by P. Mennell.
=DGM  \\$a002459630$bCatBridge variable field
=DRT  \\$aMSD
=SRC  \\$aMSD$bmsdig_000052
=LAS  \\$a7764$b40$c20210211$lBLL01$h1028

