=LDR  07110 am a22018733  4500
=001  014816188
=003  Uk
=005  20210211094338.0
=007  cr\mn\024mpadp
=007  cr\mn\024mpada
=008  890601|1896|||||||\\\\|s\\\\\|||\||eng\\
=FMT  \\$a  BK
=040  \\$aUk$cUk
=100  1\$aMeredith, George,$d1828-1909.
=240  10$aWorks
=245  14$aThe Works of George Meredith.$h[electronic resource]
=260  \\$aLondon :$bArchibald Constable & Co.,$c1896.
=336  \\$atext$2rdacontent
=337  \\$acomputer$2rdamedia
=338  \\$aonline resource$2rdacarrier
=580  \\$aPart title: The Works of George Meredith. Vol. 1, 2. Richard Feverel.
=580  \\$aPart title: The Works of George Meredith. 3, 4. Evan Harrington.
=580  \\$aPart title: The Works of George Meredith. 5, 6. Sandra Belloni.
=580  \\$aPart title: The Works of George Meredith. 7, 8. Vittoria.
=580  \\$aPart title: The Works of George Meredith. 9, 10. Rhoda Fleming.
=580  \\$aPart title: The Works of George Meredith. 11, 12. Harry Richmond.
=580  \\$aPart title: The Works of George Meredith. 13, 14. Beauchamp's Career.
=580  \\$aPart title: The Works of George Meredith. 15, 16. The Egoist.
=580  \\$aPart title: The Works of George Meredith. 17, 18. Diana of the Crossways.
=580  \\$aPart title: The Works of George Meredith. 19, 20. One of our Conquerors.
=580  \\$aPart title: The Works of George Meredith. 21, 22. Lord Ormont and his Aminta.
=580  \\$aPart title: The Works of George Meredith. 23, 24. The Amazing Marriage.
=580  \\$aPart title: The Works of George Meredith. 25. The Shaving of Shagpat.
=580  \\$aPart title: The Works of George Meredith. 26. The Tragic Comedians.
=580  \\$aPart title: The Works of George Meredith. 27. Short Stories. (The Tale of Chloe.-The House on the Beach.)
=580  \\$aPart title: The Works of George Meredith. 28. Short Stories. (Farina.-The Case of General Ople and Lady Camper.)
=580  \\$aPart title: The Works of George Meredith. 29-31. Poems.
=580  \\$aPart title: The Works of George Meredith. 32. Essays.
=580  \\$aPart title: The Works of George Meredith. 33. Poems.
=580  \\$aPart title: The Works of George Meredith. 34. Miscellaneous Prose.
=787  0\$w(Uk)MP1.0002611964.0.1
=787  0\$w(Uk)MP1.0002611964.0.2
=787  0\$w(Uk)MP1.0002611964.0.3
=787  0\$w(Uk)MP1.0002611964.0.4
=787  0\$w(Uk)MP1.0002611964.0.5
=787  0\$w(Uk)MP1.0002611964.0.6
=787  0\$w(Uk)MP1.0002611964.0.7
=787  0\$w(Uk)MP1.0002611964.0.8
=787  0\$w(Uk)MP1.0002611964.0.9
=787  0\$w(Uk)MP1.0002611964.0.10
=787  0\$w(Uk)MP1.0002611964.0.11
=787  0\$w(Uk)MP1.0002611964.0.12
=787  0\$w(Uk)MP1.0002611964.0.13
=787  0\$w(Uk)MP1.0002611964.0.14
=787  0\$w(Uk)MP1.0002611964.0.15
=787  0\$w(Uk)MP1.0002611964.0.16
=787  0\$w(Uk)MP1.0002611964.0.17
=787  0\$w(Uk)MP1.0002611964.0.18
=787  0\$w(Uk)MP1.0002611964.0.19
=787  0\$w(Uk)MP1.0002611964.0.20
=859  \\$aXLD$bMS Digitised
=883  0\$aLanguage codes assigned by Bayesian analysis of words present in record$d20201028$qUk$c0.9010
=985  \\$aUpgraded by BSS-generated file for WR2011-1472
=CAT  \\$aBATCH-MSDN$b00$c20081116$lBLL01$h1154
=CAT  \\$aBATCH-MSDE$b00$c20130227$lBLL01$h1734
=CAT  \\$aBATCH-MSDE$b00$c20130227$lBLL01$h1736
=CAT  \\$aBATCH-MSDE$b00$c20130227$lBLL01$h1737
=CAT  \\$aBATCH-MSDE$b00$c20130227$lBLL01$h1739
=CAT  \\$aBATCH-MSDE$b00$c20130227$lBLL01$h1740
=CAT  \\$aBATCH-MSDE$b00$c20130227$lBLL01$h1742
=CAT  \\$aBATCH-MSDE$b00$c20130227$lBLL01$h1743
=CAT  \\$aBATCH-MSDE$b00$c20130227$lBLL01$h1747
=CAT  \\$aBATCH-MSDE$b00$c20130227$lBLL01$h1748
=CAT  \\$aBATCH-MSDE$b00$c20130227$lBLL01$h1751
=CAT  \\$aBATCH-MSDE$b00$c20130227$lBLL01$h1752
=CAT  \\$aBATCH-MSDE$b00$c20130227$lBLL01$h1754
=CAT  \\$aBATCH-MSDE$b00$c20130227$lBLL01$h1756
=CAT  \\$aBATCH-MSDE$b00$c20130227$lBLL01$h1757
=CAT  \\$aBATCH-MSDE$b00$c20130227$lBLL01$h1759
=CAT  \\$aBATCH-MSDE$b00$c20130227$lBLL01$h1800
=CAT  \\$aBATCH-MSDE$b00$c20130227$lBLL01$h1802
=CAT  \\$aMSD-SUPP$c20130227$lBLL01$h1832
=CAT  \\$aBATCH-UPD$b00$c20130318$lBLL01$h1049
=CAT  \\$aWR13.117$c20130720$lBLL01$h1908
=CAT  \\$aWR14.046$c20140417$lBLL01$h1713
=CAT  \\$aWR13.144/5$c20140418$lBLL01$h1008
=CAT  \\$aBATCH-UPD$b00$c20150701$lBLL01$h0501
=CAT  \\$aW2011-1472$b00$c20201127$lBLL01$h1825
=CAT  \\$a7764$b40$c20210211$lBLL01$h0943
=FIN  \\$aY$d20130227
=LKR  \\$aPAR$lBLL01$r776$b002462923$mThe Works of George Meredith.$nThe Works of George Meredith.
=DGM  \\$a002462923$bCatBridge variable field
=DRT  \\$aMSD
=SRC  \\$aMSD$bmsdig_000200
=SRC  \\$aMSD$bmsdig_000199
=SRC  \\$aMSD$bmsdig_000198
=SRC  \\$aMSD$bmsdig_000197
=SRC  \\$aMSD$bmsdig_000196
=SRC  \\$aMSD$bmsdig_000195
=SRC  \\$aMSD$bmsdig_000194
=SRC  \\$aMSD$bmsdig_000193
=SRC  \\$aMSD$bmsdig_000192
=SRC  \\$aMSD$bmsdig_000191
=SRC  \\$aMSD$bmsdig_000190
=SRC  \\$aMSD$bmsdig_000189
=SRC  \\$aMSD$bmsdig_000188
=SRC  \\$aMSD$bmsdig_000187
=SRC  \\$aMSD$bmsdig_000186
=SRC  \\$aMSD$bmsdig_000185
=SRC  \\$aMSD$bmsdig_000184
=SRC  \\$aMSD$bmsdig_000183
=SRC  \\$aMSD$bmsdig_000182
=SRC  \\$aMSD$bmsdig_000181
=SRC  \\$aMSD$bmsdig_000180
=SRC  \\$aMSD$bmsdig_000179
=SRC  \\$aMSD$bmsdig_000178
=SRC  \\$aMSD$bmsdig_000177
=SRC  \\$aMSD$bmsdig_000176
=SRC  \\$aMSD$bmsdig_000175
=SRC  \\$aMSD$bmsdig_000174
=SRC  \\$aMSD$bmsdig_000173
=SRC  \\$aMSD$bmsdig_000172
=SRC  \\$aMSD$bmsdig_000647
=SRC  \\$aMSD$bmsdig_000646
=SRC  \\$aMSD$bmsdig_000645
=SRC  \\$aMSD$bmsdig_000644
=SRC  \\$aMSD$bmsdig_000643
=SRC  \\$aMSD$bmsdig_000642
=SRC  \\$aMSD$bmsdig_000641
=SRC  \\$aMSD$bmsdig_000640
=SRC  \\$aMSD$bmsdig_000639
=SRC  \\$aMSD$bmsdig_000638
=SRC  \\$aMSD$bmsdig_000637
=SRC  \\$aMSD$bmsdig_000636
=SRC  \\$aMSD$bmsdig_000635
=SRC  \\$aMSD$bmsdig_000634
=SRC  \\$aMSD$bmsdig_000633
=SRC  \\$aMSD$bmsdig_000632
=SRC  \\$aMSD$bmsdig_000631
=SRC  \\$aMSD$bmsdig_000630
=SRC  \\$aMSD$bmsdig_000629
=SRC  \\$aMSD$bmsdig_000628
=SRC  \\$aMSD$bmsdig_000627
=SRC  \\$aMSD$bmsdig_000626
=SRC  \\$aMSD$bmsdig_000625
=SRC  \\$aMSD$bmsdig_000624
=SRC  \\$aMSD$bmsdig_000623
=SRC  \\$aMSD$bmsdig_000622
=SRC  \\$aMSD$bmsdig_000621
=SRC  \\$aMSD$bmsdig_000620
=SRC  \\$aMSD$bmsdig_000619
=SRC  \\$aMSD$bmsdig_000059
=SRC  \\$aMSD$bmsdig_000057
=SRC  \\$aMSD$bmsdig_000053
=SRC  \\$aMSD$bmsdig_000055
=SRC  \\$aMSD$bmsdig_000056
=SRC  \\$aMSD$bmsdig_000052
=SRC  \\$aMSD$bmsdig_000054
=LAS  \\$a7764$b40$c20210211$lBLL01$h0943

