=LDR  02352 am a22005893  4500
=001  014822851
=003  Uk
=005  20210203135518.0
=007  cr\mn\024mpadp
=007  cr\mn\024mpada
=008  030514s1859\\\\enk\\\\\s\\\\\000\0\eng\\
=FMT  \\$a  BK
=040  \\$aUk$cUk$dUk
=041  1\$aeng$hcor
=245  04$aThe ancient Cornish drama$h[electronic resource] /$cedited and translated by Mr. Edwin Norris, etc.
=260  \\$aOxford :$bat the University Press,$c1859.
=300  \\$a2 vol. :$bplates ;$c21 cm.
=336  \\$atext$2rdacontent
=337  \\$acomputer$2rdamedia
=338  \\$aonline resource$2rdacarrier
=505  0\$aOrigo mundi (The drama of the beginning of the world) - Passio Domini nostri (The passion of Our Lord Jesus Christ) --v. 2. Resurrexio Domini nostri (The drama of the resurrection of Our Lord Jesus Christ) - Notes - Sketch of Cornish grammar - Ancient Cornish vocabulary - Appendix - Names of places.
=546  \\$aParallel English and Cornish text.
=650  \0$aCornish drama.
=650  \0$aCornish language$xGrammar.
=700  1\$aNorris, Edwin,$d1795-1872.
=740  02$aOrigo mundi.
=740  02$aPassio Domini nostri
=740  02$aResurrexio Domino nostri.
=859  \\$aXLD$bMS Digitised
=985  \\$aCorrected by MS generated file for WR# 11/211
=CAT  \\$aBATCH-MSDN$b00$c20081119$lBLL01$h0939
=CAT  \\$aBATCH$b00$c20081119$lBLL01$h1051
=CAT  \\$aBATCH-MSDE$b00$c20081120$lBLL01$h1132
=CAT  \\$aBATCH$b00$c20081120$lBLL01$h1649
=CAT  \\$aBATCH-UPD$b00$c20100501$lBLL01$h0040
=CAT  \\$a8874$b40$c20120206$lBLL01$h0818
=CAT  \\$aWR13.117$c20130720$lBLL01$h1909
=CAT  \\$aWR14.046$c20140417$lBLL01$h1714
=CAT  \\$aWR13.144/5$c20140418$lBLL01$h1009
=CAT  \\$aWR11_211$c20141230$lBLL01$h1739
=CAT  \\$aBLSS-CORR$b00$c20141230$lBLL01$h1743
=CAT  \\$aBATCH-DCW$c20160710$lBLL01$h1803
=CAT  \\$aBATCH-DCW$c20170926$lBLL01$h1124
=CAT  \\$aBATCH-DCW$c20170926$lBLL01$h1132
=CAT  \\$a6490$b40$c20210203$lBLL01$h1355
=FIN  \\$aY$d20081120
=LKR  \\$aPAR$lBLL01$r776$b002671482$mThe ancient Cornish drama$nThe ancient Cornish drama
=DGM  \\$a002671482$bCatBridge variable field
=DRT  \\$aMSD
=SRC  \\$aMSD$bmsdig_000054
=SRC  \\$aMSD$bmsdig_000053
=LAS  \\$a6490$b40$c20210203$lBLL01$h1355

