=LDR  02577 am a22005773  4500
=001  014822852
=003  Uk
=005  20210211085042.0
=007  cr\mn\024mpadp
=007  cr\mn\024mpada
=008  890904|1895|||||||\\\\|s\\\\\|||\||eng\\
=FMT  \\$a  BK
=040  \\$aUk$cUk
=100  1\$aPaine, Thomas,$d1737-1809.
=240  10$aCollections
=245  14$aThe Popular Works of Thomas Paine. Reprinted from Conway's edition of the Complete Works of Thomas Paine.$h[electronic resource]
=264  \1$aNew York :$bG. P. Putnam's Sons,$c1895, 96.
=300  \\$a2 volumes ;$c(8º)
=336  \\$atext$2rdacontent
=337  \\$acomputer$2rdamedia
=338  \\$aonline resource$2rdacarrier
=580  \\$aPart title: The Popular Works of Thomas Paine. Reprinted from Conway's edition of the Complete Works of Thomas Paine. 1. Rights of Man. Part I. 1895.
=580  \\$aPart title: The Popular Works of Thomas Paine. Reprinted from Conway's edition of the Complete Works of Thomas Paine. 2. The Age of Reason. 1896.
=787  0\$w(Uk)MP1.0002931051.0.1
=787  0\$w(Uk)MP1.0002931051.0.2
=859  \\$aXLD$bMS Digitised
=883  0\$aLanguage codes assigned by Bayesian analysis of words present in record$d20201028$qUk$c0.9010
=985  \\$aCorrected by MS generated file for WR# 1805-0738
=985  \\$aUpgraded by BSS-generated file for WR2011-1472
=CAT  \\$aBATCH-MSDN$b00$c20081119$lBLL01$h0939
=CAT  \\$aBATCH$b00$c20081119$lBLL01$h1051
=CAT  \\$aBATCH-MSDE$b00$c20081120$lBLL01$h1132
=CAT  \\$aBATCH$b00$c20081120$lBLL01$h1649
=CAT  \\$aBATCH-UPD$b00$c20100501$lBLL01$h0040
=CAT  \\$aWR12-140$c20121030$lBLL01$h1037
=CAT  \\$aWR13.117$c20130720$lBLL01$h1909
=CAT  \\$aWR14.046$c20140417$lBLL01$h1714
=CAT  \\$aWR13.144/5$c20140418$lBLL01$h1009
=CAT  \\$aBATCH-UPD$b00$c20150608$lBLL01$h2051
=CAT  \\$a1805-0738$c20181228$lBLL01$h1820
=CAT  \\$a1805-0738$b00$c20181228$lBLL01$h1906
=CAT  \\$aW2001-2376$c20200626$lBLL01$h1819
=CAT  \\$aW2011-1472$b00$c20201127$lBLL01$h1826
=CAT  \\$a7764$b40$c20210211$lBLL01$h0850
=FIN  \\$aY$d20081120
=LKR  \\$aPAR$lBLL01$r776$b002749448$mThe Popular Works of Thomas Paine. Reprinted from Conway's edition of the Complete Works of Thomas Paine.$nThe Popular Works of Thomas Paine. Reprinted from Conway's edition of the Complete Works of Thomas Paine.
=DGM  \\$a002749448$bCatBridge variable field
=DRT  \\$aMSD
=SRC  \\$aMSD$bmsdig_000054
=SRC  \\$aMSD$bmsdig_000053
=LAS  \\$a7764$b40$c20210211$lBLL01$h0850

