=LDR  01875 am a22005173  4500
=001  014822853
=003  Uk
=005  20210211164756.0
=007  cr\mn\024mpadp
=007  cr\mn\024mpada
=008  040202m18711872enk\\\\|s\\\\\000\||eng\\
=FMT  \\$a  BK
=040  \\$aUk$cUk
=245  14$aThe rainbow stories for summer days and winter nights.$h[electronic resource]
=264  \1$aLondon,$c[1871, 1872]
=300  \\$a3 volumes ;$c(8º)
=336  \\$atext$2rdacontent
=337  \\$acomputer$2rdamedia
=338  \\$aonline resource$2rdacarrier
=500  \\$aNo more published.
=720  \\$aRAINBOW STORIES
=859  \\$aXLD$bMS Digitised
=985  \\$aCorrected by MS generated file for WR# 11/211
=985  \\$aCorrected by MS generated file for WR# 1805-0738
=CAT  \\$aBATCH-MSDN$b00$c20081119$lBLL01$h0939
=CAT  \\$aBATCH$b00$c20081119$lBLL01$h1051
=CAT  \\$aBATCH-MSDE$b00$c20081120$lBLL01$h1132
=CAT  \\$aBATCH$b00$c20081120$lBLL01$h1649
=CAT  \\$aBATCH-UPD$b00$c20100501$lBLL01$h0040
=CAT  \\$aWR12-140$c20121030$lBLL01$h1037
=CAT  \\$aWR13.117$c20130720$lBLL01$h1909
=CAT  \\$aWR14.046$c20140417$lBLL01$h1714
=CAT  \\$aWR13.144/5$c20140418$lBLL01$h1009
=CAT  \\$aWR11_211$c20141230$lBLL01$h1739
=CAT  \\$aBLSS-CORR$b00$c20141230$lBLL01$h1743
=CAT  \\$a1805-0738$c20181228$lBLL01$h1820
=CAT  \\$a1805-0738$b00$c20181228$lBLL01$h1906
=CAT  \\$aW2001-2376$c20200626$lBLL01$h1819
=CAT  \\$a7764$b40$c20210211$lBLL01$h1647
=FIN  \\$aY$d20081120
=LKR  \\$aPAR$lBLL01$r776$b003030988$mThe rainbow stories for summer days and winter nights.$nThe rainbow stories for summer days and winter nights.
=DGM  \\$a003030988$bCatBridge variable field
=DRT  \\$aMSD
=SRC  \\$aMSD$bmsdig_000054
=SRC  \\$aMSD$bmsdig_000053
=LAS  \\$a7764$b40$c20210211$lBLL01$h1647

