=LDR  02115 am a22005413  4500
=001  014822854
=003  Uk
=005  20210204113016.0
=007  cr\mn\024mpadp
=007  cr\mn\024mpada
=008  040202s1829\\\\fr\\\\\\s\\\\\000\p\eng\\
=FMT  \\$a  BK
=040  \\$aUk$cUk$dUk
=245  04$aThe poetical works of Rogers, Campbell, J. Montgomery, Lamb, and Kirke White$h[electronic resource] :$bcomplete in one volume.
=260  \\$aParis :$bA. and W. Galignani,$c1829.
=300  \\$a497 p. in various pagings :$bfront. (5 port.) ;$c23 cm.
=336  \\$atext$2rdacontent
=337  \\$acomputer$2rdamedia
=338  \\$aonline resource$2rdacarrier
=700  1\$aRogers, Samuel,$d1763-1855.
=700  1\$aCampbell, Thomas,$d1777-1844.
=700  1\$aMontgomery, James,$d1771-1854.
=700  1\$aLamb, Charles,$d1775-1834.
=700  1\$aWhite, Henry Kirke,$d1785-1806.
=859  \\$aXLD$bMS Digitised
=985  \\$aCorrected by MS generated file for WR# 11/211
=CAT  \\$aBATCH-MSDN$b00$c20081119$lBLL01$h0939
=CAT  \\$aBATCH$b00$c20081119$lBLL01$h1051
=CAT  \\$aBATCH-MSDE$b00$c20081120$lBLL01$h1132
=CAT  \\$aBATCH$b00$c20081120$lBLL01$h1649
=CAT  \\$aBATCH-UPD$b00$c20100501$lBLL01$h0040
=CAT  \\$a8874$b40$c20120206$lBLL01$h1309
=CAT  \\$aWR13.117$c20130720$lBLL01$h1909
=CAT  \\$aWR14.046$c20140417$lBLL01$h1714
=CAT  \\$aWR13.144/5$c20140418$lBLL01$h1009
=CAT  \\$aWR11_211$c20141230$lBLL01$h1739
=CAT  \\$aBLSS-CORR$b00$c20141230$lBLL01$h1743
=CAT  \\$aBATCH-DCW$c20160710$lBLL01$h1803
=CAT  \\$aBATCH-DCW$c20170926$lBLL01$h1124
=CAT  \\$aBATCH-DCW$c20170926$lBLL01$h1132
=CAT  \\$a6490$b40$c20210204$lBLL01$h1130
=FIN  \\$aY$d20081120
=LKR  \\$aPAR$lBLL01$r776$b003136924$mThe poetical works of Rogers, Campbell, J. Montgomery, Lamb, and Kirke White$nThe poetical works of Rogers, Campbell, J. Montgomery, Lamb, and Kirke White
=DGM  \\$a003136924$bCatBridge variable field
=DRT  \\$aMSD
=SRC  \\$aMSD$bmsdig_000054
=SRC  \\$aMSD$bmsdig_000053
=LAS  \\$a6490$b40$c20210204$lBLL01$h1130

