=LDR  02089 am a22005053  4500
=001  014822857
=003  Uk
=005  20210205115328.0
=007  cr\mn\024mpadp
=007  cr\mn\024mpada
=008  950705s1771\\\\ne\\\\\\s\\\\\000\0\fre\\
=FMT  \\$a  BK
=040  \\$aUk$cUk
=100  1\$aSAINT-SIMON, Maximilien Henri de,$cMarquis.
=245  10$aEssai de traduction littérale et énergique.$h[electronic resource]
=264  \1$a[Harlem] :$bDe l'imprimerie de Jean Enschede,$c1771.
=300  \\$a2 volumes ;$c(8º)
=336  \\$atext$2rdacontent
=337  \\$acomputer$2rdamedia
=338  \\$aonline resource$2rdacarrier
=340  \\$m8vo$2rdabf
=500  \\$aThe general title given above is taken from the titlepage to vol. 2.
=500  \\$aIncludes in vol.1 : 'Essai sur l'homme. .. Par A. Pope.' and in vol.2 : 'Lettre d'Eloise a Abailard, par A. Pope', 'Rural sports. .. By Mr. Gay', and extracts from 'Paradise lost' by J. Milton, 'Cato' by J. Addison, 'Hamlet' by W. Shakespeare, etc.
=859  \\$aXLD$bMS Digitised
=985  \\$aCorrected by MS generated file for WR# 1805-0738
=CAT  \\$aBATCH-MSDN$b00$c20081119$lBLL01$h0939
=CAT  \\$aBATCH$b00$c20081119$lBLL01$h1051
=CAT  \\$aBATCH-MSDE$b00$c20081120$lBLL01$h1132
=CAT  \\$aBATCH$b00$c20081120$lBLL01$h1649
=CAT  \\$aBATCH-UPD$b00$c20100501$lBLL01$h0040
=CAT  \\$a8874$b40$c20120307$lBLL01$h1336
=CAT  \\$aWR13.117$c20130720$lBLL01$h1909
=CAT  \\$aWR14.046$c20140417$lBLL01$h1714
=CAT  \\$aWR13.144/5$c20140418$lBLL01$h1009
=CAT  \\$aBATCH-DCW$c20160710$lBLL01$h1803
=CAT  \\$a1805-0738$c20181228$lBLL01$h1820
=CAT  \\$a1805-0738$b00$c20181228$lBLL01$h1906
=CAT  \\$a6490$b40$c20210205$lBLL01$h1153
=FIN  \\$aY$d20081120
=LKR  \\$aPAR$lBLL01$r776$b003227297$mEssai de traduction littérale et énergique$nEssai de traduction littérale et énergique
=DGM  \\$a003227297$bCatBridge variable field
=DRT  \\$aMSD
=SRC  \\$aMSD$bmsdig_000054
=SRC  \\$aMSD$bmsdig_000053
=LAS  \\$a6490$b40$c20210205$lBLL01$h1153

