=LDR  02216 am a22005773  4500
=001  014822858
=003  Uk
=005  20210205142223.0
=007  cr\mn\024mpadp
=007  cr\mn\024mpada
=008  880908|1758|||||||\\\\|s\\\\\|||\||eng\\
=FMT  \\$a  BK
=040  \\$aUk$cUk
=100  1\$aHAWKINS, William,$cPrebendary of Wells.
=245  10$a[Works.]$h[electronic resource]
=264  \1$aOxford :$bPrinted by W. Jackson,$c1758.
=300  \\$a3 volumes ;$c(8º)
=336  \\$atext$2rdacontent
=337  \\$acomputer$2rdamedia
=338  \\$aonline resource$2rdacarrier
=340  \\$m8vo$2rdabf
=580  \\$aPart title: [Works.] vol. 1. Tracts in Divinity. pp. 25. 419.
=580  \\$aPart title: [Works.] vol. 2. Dramatic and other Poems, Letters, Essays, &c. pp. vi. 442.
=580  \\$aPart title: [Works.] vol. 3. Prælectiones poeticæ in Schola naturalis philosophiæ, Oxon. habitæ. pp. vii. 399.
=787  0\$w(Uk)MP1.0001711567.0.1
=787  0\$w(Uk)MP1.0001711567.0.2
=787  0\$w(Uk)MP1.0001711567.0.3
=859  \\$aXLD$bMS Digitised
=883  0\$aLanguage codes assigned by Bayesian analysis of words present in record$d20201028$qUk$c0.9010
=985  \\$aCorrected by MS generated file for WR# 1805-0738
=985  \\$aUpgraded by BSS-generated file for WR2011-1472
=CAT  \\$aBATCH-MSDN$b00$c20081119$lBLL01$h0939
=CAT  \\$aBATCH$b00$c20081119$lBLL01$h1051
=CAT  \\$aBATCH-MSDE$b00$c20081120$lBLL01$h1132
=CAT  \\$aBATCH$b00$c20081120$lBLL01$h1649
=CAT  \\$aBATCH-UPD$b00$c20100501$lBLL01$h0040
=CAT  \\$aWR12-140$c20121030$lBLL01$h1037
=CAT  \\$aWR13.117$c20130720$lBLL01$h1909
=CAT  \\$aWR14.046$c20140417$lBLL01$h1714
=CAT  \\$aWR13.144/5$c20140418$lBLL01$h1009
=CAT  \\$a1805-0738$c20181228$lBLL01$h1820
=CAT  \\$a1805-0738$b00$c20181228$lBLL01$h1906
=CAT  \\$aW2011-1472$b00$c20201127$lBLL01$h1826
=CAT  \\$a6490$b40$c20210205$lBLL01$h1422
=FIN  \\$aY$d20081120
=LKR  \\$aPAR$lBLL01$r776$b001622598$m[Works.]$n[Works.]
=DGM  \\$a001622598$bCatBridge variable field
=DRT  \\$aMSD
=SRC  \\$aMSD$bmsdig_000054
=SRC  \\$aMSD$bmsdig_000053
=LAS  \\$a6490$b40$c20210205$lBLL01$h1422

