=LDR  03215 am a2200769 a 4500
=001  014822859
=003  Uk
=005  20210205102832.0
=007  cr\mn\024mpadp
=007  cr\mn\024mpada
=008  900418s1797\\\\enkcf\\\s\\\\\000\0\eng\\
=FMT  \\$a  BK
=040  \\$aUk$cUk$dUk
=100  1\$aSmollett, T.$q(Tobias),$d1721-1771.
=245  14$aThe works of Tobias Smollett, M.D.$h[electronic resource].$bWith memoirs of his life; to which is prefixed, A view of the commencement and progress of romance, by John Moore.
=264  \1$aLondon :$bB. Law,$c1797.
=300  \\$a8 volumes ;$c(8º)
=336  \\$atext$2rdacontent
=337  \\$acomputer$2rdamedia
=338  \\$aonline resource$2rdacarrier
=340  \\$m8vo$2rdabf
=505  0\$aI.A view of the commencement and progress of romance. The life of T. Smollett, M.D. Plays and poems.--II. The adventures of Roderick Random.--III-IV. The adventures of Peregrine Pickle.--V. The adventures of Ferdinand Count Fathom.--VI. Sir Launcelot Greaves. Adventures of an atom.--VII. The expedition of Humphry Clinker.--VIII. Travels through France and Italy.
=700  1\$aMoore, John,$d1729-1802.
=859  \\$aXLD$bMS Digitised
=985  \\$aCorrected by MS generated file for WR# 11/211
=985  \\$aCorrected by MS generated file for WR# 1805-0738
=CAT  \\$aBATCH-MSDN$b00$c20081119$lBLL01$h0939
=CAT  \\$aBATCH-MSDE$b00$c20081120$lBLL01$h1132
=CAT  \\$aBATCH$b00$c20081120$lBLL01$h1649
=CAT  \\$aBATCH-MSDE$b00$c20081127$lBLL01$h1627
=CAT  \\$aBATCH$b00$c20081127$lBLL01$h1758
=CAT  \\$aBATCH-MSDE$b00$c20081203$lBLL01$h1750
=CAT  \\$aBATCH$b00$c20081203$lBLL01$h1900
=CAT  \\$aBATCH-UPD$b00$c20100501$lBLL01$h0040
=CAT  \\$aBATCH-MSDE$b00$c20110201$lBLL01$h1443
=CAT  \\$aBATCH-MSDE$b00$c20110201$lBLL01$h1454
=CAT  \\$a8874$b40$c20120313$lBLL01$h1306
=CAT  \\$a8874$b40$c20120313$lBLL01$h1310
=CAT  \\$aBATCH-MSDE$b00$c20130227$lBLL01$h1542
=CAT  \\$aBATCH-MSDE$b00$c20130227$lBLL01$h1648
=CAT  \\$aMSD-SUPP$c20130227$lBLL01$h1832
=CAT  \\$aBATCH-UPD$b00$c20130318$lBLL01$h1049
=CAT  \\$aWR13.117$c20130720$lBLL01$h1909
=CAT  \\$aWR14.046$c20140417$lBLL01$h1714
=CAT  \\$aWR13.144/5$c20140418$lBLL01$h1009
=CAT  \\$aWR11_211$c20141230$lBLL01$h1739
=CAT  \\$aBLSS-CORR$b00$c20141230$lBLL01$h1743
=CAT  \\$aBATCH-DCW$c20170926$lBLL01$h1124
=CAT  \\$aBATCH-DCW$c20170926$lBLL01$h1132
=CAT  \\$a1805-0738$c20181228$lBLL01$h1820
=CAT  \\$a1805-0738$b00$c20181228$lBLL01$h1906
=CAT  \\$a6490$b40$c20210205$lBLL01$h1028
=FIN  \\$aY$d20130227
=LKR  \\$aPAR$lBLL01$r776$b003426314$mThe works of Tobias Smollett, M.D.$nThe works of Tobias Smollett, M.D.
=DGM  \\$a003426314$bCatBridge variable field
=DRT  \\$aMSD
=SRC  \\$aMSD$bmsdig_000173
=SRC  \\$aMSD$bmsdig_000172
=SRC  \\$aMSD$bmsdig_000623
=SRC  \\$aMSD$bmsdig_000622
=SRC  \\$aMSD$bmsdig_000059
=SRC  \\$aMSD$bmsdig_000057
=SRC  \\$aMSD$bmsdig_000053
=SRC  \\$aMSD$bmsdig_000055
=SRC  \\$aMSD$bmsdig_000054
=SRC  \\$aMSD$bmsdig_000056
=LAS  \\$a6490$b40$c20210205$lBLL01$h1028

