=LDR  04332 am a22008173  4500
=001  014822860
=003  Uk
=005  20210211145324.0
=007  cr\mn\024mpadp
=007  cr\mn\024mpada
=008  900418m18821884enka\\\\s\\\\\000\0\eng\\
=FMT  \\$a  BK
=040  \\$aUk$cUk
=100  1\$aSpenser, Edmund,$d1552?-1599.
=240  10$aWorks
=245  14$aThe complete works in verse and prose of Edmund Spenser$h[electronic resource] /$cedited, with a new life, based on original researches, and a glossary embracing notes and illustrations by Alexander B.Grosart, in association with Professor Angus ... [et al.].
=260  \\$aLondon ;$aAylesbury :$bPrinted for private circulation only,$c1882-1884.
=300  \\$a9 vol. :$bill., facsim., map ;$c24 cm.
=336  \\$atext$2rdacontent
=337  \\$acomputer$2rdamedia
=338  \\$aonline resource$2rdacarrier
=500  \\$aOnly 100 copies printed.
=505  0\$av. 1. Life of Spenser, with appendix; by the editor. Essays: Characteristics of Spenser's poetry, by Aubrey de Vere. Spenser the poet and teacher, by Edward Dowden. Certain aspects of the poetry of Spenser, by W. B. Philpot. The introspection and outlook of Spenser, by William Hubbard.--v. 2. The Shepheards calender and glosse (1597) with various readings.--v. 3. Complaints 1590-91 [with] Essay on English pastoral poetry, by E. W. Gosse. Rider on the same. Who were Rosalinde and Menaicas? Notices of Edward Kirke, by the editor.--v. 4. Essay on the minor poems of Spenser, by F. T. Palgrave. Daphnaida: an elegie upon the death of...Douglas Howard, etc. 1591. Colin Clouts come home again, 1595. Amoretti and Epithalamion, 1595. Fowre hymnes, 1596. Prothalamion, or a spousal verse, etc. 1596. Astrophel, etc. and Sonnets.--v. 5-7. The Faerie queene.--v. 8. The Faerie queene. bk. v-vi. Two cantos of Mvtabilitie. Letter to Sir Walter Raleigh. Commendatory poems and sonnets.--v. 9. Prose: A veue of the present state of Ireland. Letters to Gabriel Harvey.
=700  1\$aGrosart, Alexander Balloch,$d1827-1899.
=859  \\$aXLD$bMS Digitised
=883  0\$aLanguage codes assigned by Bayesian analysis of words present in record$d20201028$qUk$c0.9010
=985  \\$aCorrected by MS generated file for WR# 11/211
=985  \\$aUpgraded by BSS-generated file for WR2011-1472
=CAT  \\$aBATCH-MSDN$b00$c20081119$lBLL01$h0939
=CAT  \\$aBATCH$b00$c20081120$lBLL01$h1649
=CAT  \\$aBATCH-MSDE$b00$c20081127$lBLL01$h1627
=CAT  \\$aBATCH$b00$c20081127$lBLL01$h1758
=CAT  \\$aBATCH-MSDE$b00$c20081203$lBLL01$h1750
=CAT  \\$aBATCH$b00$c20081203$lBLL01$h1900
=CAT  \\$aBATCH-UPD$b00$c20100501$lBLL01$h0040
=CAT  \\$aBATCH-MSDE$b00$c20110201$lBLL01$h1443
=CAT  \\$aBATCH-MSDE$b00$c20110201$lBLL01$h1454
=CAT  \\$aBATCH-MSDE$b00$c20110201$lBLL01$h1506
=CAT  \\$a8874$b40$c20120307$lBLL01$h1410
=CAT  \\$a8874$b40$c20120307$lBLL01$h1425
=CAT  \\$aBATCH-MSDE$b00$c20130227$lBLL01$h1542
=CAT  \\$aBATCH-MSDE$b00$c20130227$lBLL01$h1648
=CAT  \\$aBATCH-MSDE$b00$c20130227$lBLL01$h1701
=CAT  \\$aMSD-SUPP$c20130227$lBLL01$h1832
=CAT  \\$aBATCH-UPD$b00$c20130318$lBLL01$h1049
=CAT  \\$aWR13.117$c20130720$lBLL01$h1909
=CAT  \\$aWR14.046$c20140417$lBLL01$h1714
=CAT  \\$aWR13.144/5$c20140418$lBLL01$h1009
=CAT  \\$aWR11_211$c20141230$lBLL01$h1739
=CAT  \\$aBLSS-CORR$b00$c20141230$lBLL01$h1743
=CAT  \\$aBATCH-DCW$c20170926$lBLL01$h1124
=CAT  \\$aBATCH-DCW$c20170926$lBLL01$h1132
=CAT  \\$aW2011-1472$b00$c20201127$lBLL01$h1826
=CAT  \\$a7764$b40$c20210211$lBLL01$h1453
=FIN  \\$aY$d20130227
=LKR  \\$aPAR$lBLL01$r776$b003461622$mThe complete works in verse and prose of Edmund Spenser$nThe complete works in verse and prose of Edmund Spenser /
=DGM  \\$a003461622$bCatBridge variable field
=DRT  \\$aMSD
=SRC  \\$aMSD$bmsdig_000174
=SRC  \\$aMSD$bmsdig_000173
=SRC  \\$aMSD$bmsdig_000172
=SRC  \\$aMSD$bmsdig_000624
=SRC  \\$aMSD$bmsdig_000623
=SRC  \\$aMSD$bmsdig_000622
=SRC  \\$aMSD$bmsdig_000059
=SRC  \\$aMSD$bmsdig_000057
=SRC  \\$aMSD$bmsdig_000053
=SRC  \\$aMSD$bmsdig_000055
=SRC  \\$aMSD$bmsdig_000054
=SRC  \\$aMSD$bmsdig_000056
=LAS  \\$a7764$b40$c20210211$lBLL01$h1453

