=LDR  05153 am a22010453  4500
=001  014822862
=003  Uk
=005  20210205114951.0
=007  cr\mn\024mpadp
=007  cr\mn\024mpada
=008  900531s1772\\\\ie\\\\\\s\\\\\000\0\eng\\
=FMT  \\$a  BK
=040  \\$aUk$cUk$dUk
=100  1\$aSwift, Jonathan,$d1667-1745.
=245  14$aThe works of the reverend Dr. Jonathan Swift, Dean of St. Patrick's, Dublin$h[electronic resource] ;$bin twenty volumes.
=260  \\$aDublin :$bGeorge Faulkner,$c1772.
=300  \\$a20 vol. :$bill. ;$c21 cm.
=336  \\$atext$2rdacontent
=337  \\$acomputer$2rdamedia
=338  \\$aonline resource$2rdacarrier
=500  \\$aVol. 1 has general title page, other volumes have unique title pages.
=505  0\$av. 1. Miscellanies in prose -- v. 2. Poems on several occasions -- v. 3. The travels of Lemuel Gulliver ... in four parts -- v. 4. Tracts relating toIreland. Among which, are the Drapier's letters -- v. 5. The conduct of the allies, and the examiners -- v. 6. The publick spirit of the whigs, ... with polite conversation -- v. 7. Letters to and from several eminent persons from the year 1714, to 1738 ... Free thoughts upon the present state of affairs --v. 8. Directions to servants; and other pieces in prose and verse -- v. 9. Letters to Governor Hunter. The history of the last session of Parliament, and the Peace of Utrecht ... A treatise on good-manners and good-breeding -- v. 10. Sermons on several subjects; and other pieces on different occasions -- v. 11. More of his literary correspondence ... An account of the life and writings of Dr. Jonathan Swift.
=505  0\$a-- v .12. Memoirs of the last years of Queen Anne's reign. Sermons on several occasions ... / collected and revised by Dean Swift -- v. 13.Letters to and from many eminent persons. And poems on several occasions / collected and revised by Deane Swift -- v. 14-16. Letters to and from several eminent persons, from the year 1703, to 1743 / with notes explanatory and historical by Thomas Birch, John Hawkesworth, and others -- v. 17-19. Letters to and from several persons, from the year 1700 to 1742 ... / collected and revised by Deane Swift ; and illustrated with historical and explanatory notes, by the publisher -- v. 20. The tale of a tub.
=859  \\$aXLD$bMS Digitised
=985  \\$aCorrected by MS generated file for WR# 11/211
=CAT  \\$aBATCH-MSDN$b00$c20081119$lBLL01$h0939
=CAT  \\$aBATCH-MSDE$b00$c20130227$lBLL01$h1648
=CAT  \\$aBATCH-MSDE$b00$c20130227$lBLL01$h1701
=CAT  \\$aBATCH-MSDE$b00$c20130227$lBLL01$h1705
=CAT  \\$aBATCH-MSDE$b00$c20130227$lBLL01$h1715
=CAT  \\$aBATCH-MSDE$b00$c20130227$lBLL01$h1718
=CAT  \\$aBATCH-MSDE$b00$c20130227$lBLL01$h1720
=CAT  \\$aBATCH-MSDE$b00$c20130227$lBLL01$h1723
=CAT  \\$aBATCH-MSDE$b00$c20130227$lBLL01$h1725
=CAT  \\$aBATCH-MSDE$b00$c20130227$lBLL01$h1727
=CAT  \\$aBATCH-MSDE$b00$c20130227$lBLL01$h1731
=CAT  \\$aBATCH-MSDE$b00$c20130227$lBLL01$h1732
=CAT  \\$aBATCH-MSDE$b00$c20130227$lBLL01$h1734
=CAT  \\$aBATCH-MSDE$b00$c20130227$lBLL01$h1736
=CAT  \\$aMSD-SUPP$c20130227$lBLL01$h1832
=CAT  \\$aBATCH-UPD$b00$c20130318$lBLL01$h1049
=CAT  \\$aWR13.117$c20130720$lBLL01$h1909
=CAT  \\$aWR14.046$c20140417$lBLL01$h1714
=CAT  \\$aWR13.144/5$c20140418$lBLL01$h1009
=CAT  \\$aWR11_211$c20141230$lBLL01$h1734
=CAT  \\$aBLSS-CORR$b00$c20141230$lBLL01$h1743
=CAT  \\$aBATCH-DCW$c20170927$lBLL01$h0826
=CAT  \\$aBATCH-DCW$c20170928$lBLL01$h1313
=CAT  \\$aBATCH-DCW$c20170928$lBLL01$h1323
=CAT  \\$aBATCH-DCW$b40$c20171003$lBLL01$h1813
=CAT  \\$a6490$b40$c20210205$lBLL01$h1149
=FIN  \\$aY$d20130227
=LKR  \\$aPAR$lBLL01$r776$b003557206$mThe Works of the Reverend Dr. Jonathan Swift$nThe Works of the Reverend Dr. Jonathan Swift
=DGM  \\$a003557206$bCatBridge variable field
=DRT  \\$aMSD
=SRC  \\$aMSD$bmsdig_000185
=SRC  \\$aMSD$bmsdig_000636
=SRC  \\$aMSD$bmsdig_000184
=SRC  \\$aMSD$bmsdig_000635
=SRC  \\$aMSD$bmsdig_000183
=SRC  \\$aMSD$bmsdig_000634
=SRC  \\$aMSD$bmsdig_000633
=SRC  \\$aMSD$bmsdig_000182
=SRC  \\$aMSD$bmsdig_000632
=SRC  \\$aMSD$bmsdig_000181
=SRC  \\$aMSD$bmsdig_000631
=SRC  \\$aMSD$bmsdig_000180
=SRC  \\$aMSD$bmsdig_000630
=SRC  \\$aMSD$bmsdig_000179
=SRC  \\$aMSD$bmsdig_000178
=SRC  \\$aMSD$bmsdig_000629
=SRC  \\$aMSD$bmsdig_000628
=SRC  \\$aMSD$bmsdig_000177
=SRC  \\$aMSD$bmsdig_000176
=SRC  \\$aMSD$bmsdig_000627
=SRC  \\$aMSD$bmsdig_000626
=SRC  \\$aMSD$bmsdig_000175
=SRC  \\$aMSD$bmsdig_000174
=SRC  \\$aMSD$bmsdig_000625
=SRC  \\$aMSD$bmsdig_000173
=SRC  \\$aMSD$bmsdig_000624
=SRC  \\$aMSD$bmsdig_000172
=SRC  \\$aMSD$bmsdig_000623
=SRC  \\$aMSD$bmsdig_000059
=SRC  \\$aMSD$bmsdig_000057
=SRC  \\$aMSD$bmsdig_000053
=SRC  \\$aMSD$bmsdig_000055
=SRC  \\$aMSD$bmsdig_000054
=SRC  \\$aMSD$bmsdig_000056
=LAS  \\$a6490$b40$c20210205$lBLL01$h1149

