=LDR  02540 am a22006853  4500
=001  014822863
=003  Uk
=005  20210211091120.0
=007  cr\mn\024mpadp
=007  cr\mn\024mpada
=008  900620|1891|||||||\\\\|s\\\\\|||\||eng\\
=FMT  \\$a  BK
=040  \\$aUk$cUk
=100  1\$aTODD, George Eyre.
=245  10$aAbbotsford Series of the Scottish Poets. Edited by G. E. Todd.$h[electronic resource]
=264  \1$aGlasgow :$bHodge & Co,$c1891-96.
=300  \\$a7 volumes ;$c(8º)
=336  \\$atext$2rdacontent
=337  \\$acomputer$2rdamedia
=338  \\$aonline resource$2rdacarrier
=859  \\$aXLD$bMS Digitised
=985  \\$aCorrected by MS generated file for WR# 1805-0738
=CAT  \\$aBATCH-MSDN$b00$c20081119$lBLL01$h0939
=CAT  \\$aBATCH$b00$c20081119$lBLL01$h1051
=CAT  \\$aBATCH-MSDE$b00$c20081120$lBLL01$h0851
=CAT  \\$aBATCH$b00$c20081120$lBLL01$h0858
=CAT  \\$aBATCH-MSDE$b00$c20081120$lBLL01$h0921
=CAT  \\$aBATCH$b00$c20081120$lBLL01$h0956
=CAT  \\$aBATCH-MSDE$b00$c20081120$lBLL01$h1132
=CAT  \\$aBATCH$b00$c20081120$lBLL01$h1649
=CAT  \\$aBATCH-MSDE$b00$c20081127$lBLL01$h1627
=CAT  \\$aBATCH$b00$c20081127$lBLL01$h1758
=CAT  \\$aBATCH-MSDE$b00$c20081203$lBLL01$h1750
=CAT  \\$aBATCH$b00$c20081203$lBLL01$h1900
=CAT  \\$aBATCH-UPD$b00$c20100501$lBLL01$h0040
=CAT  \\$aBATCH-MSDE$b00$c20110201$lBLL01$h1523
=CAT  \\$aWR12-140$c20121030$lBLL01$h1037
=CAT  \\$aBATCH-MSDE$b00$c20130227$lBLL01$h1542
=CAT  \\$aMSD-SUPP$c20130227$lBLL01$h1832
=CAT  \\$aBATCH-UPD$b00$c20130318$lBLL01$h1049
=CAT  \\$aWR13.117$c20130720$lBLL01$h1909
=CAT  \\$aWR14.046$c20140417$lBLL01$h1714
=CAT  \\$aWR13.144/5$c20140418$lBLL01$h1009
=CAT  \\$a1805-0738$c20181228$lBLL01$h1820
=CAT  \\$a1805-0738$b00$c20181228$lBLL01$h1906
=CAT  \\$aW2001-2376$c20200626$lBLL01$h1819
=CAT  \\$a7764$b40$c20210211$lBLL01$h0911
=FIN  \\$aY$d20130227
=LKR  \\$aPAR$lBLL01$r776$b003645329$mAbbotsford Series of the Scottish Poets. Edited by G. E. Todd.$nAbbotsford Series of the Scottish Poets. Edited by G. E. Todd.
=DGM  \\$a003645329$bCatBridge variable field
=DRT  \\$aMSD
=SRC  \\$aMSD$bmsdig_000172
=SRC  \\$aMSD$bmsdig_000625
=SRC  \\$aMSD$bmsdig_000059
=SRC  \\$aMSD$bmsdig_000057
=SRC  \\$aMSD$bmsdig_000053
=SRC  \\$aMSD$bmsdig_000055
=SRC  \\$aMSD$bmsdig_000054
=SRC  \\$aMSD$bmsdig_000056
=LAS  \\$a7764$b40$c20210211$lBLL01$h0911

