=LDR  03719 am a22008413  4500
=001  014824883
=003  Uk
=005  20210211150038.0
=007  cr\mn\024mpadp
=007  cr\mn\024mpada
=008  970129|1882|||||||\\\\|s\\\\\|||\||eng\\
=FMT  \\$a  BK
=040  \\$aUk$cUk
=100  1\$aWordsworth, William,$d1770-1850.
=240  10$aCollections. I. Poetry. Larger Collections
=245  14$aThe poetical works of William Wordsworth. Edited by William Knight.$h[electronic resource]
=260  \\$aEdinburgh :$bWilliam Paterson,$c1882-89.
=300  \\$a11 vol. :$bplates, port. ;$c23 cm.
=336  \\$atext$2rdacontent
=337  \\$acomputer$2rdamedia
=338  \\$aonline resource$2rdacarrier
=500  \\$aThe titlepage of vol. 9-11 read "The life of William Wordsworth ... Volume first (-third)". The volumes also contain titlepages and half-titles reading "The poetical works of William Wordsworth ... Volume ninth (-eleventh)".
=580  \\$aPart title: The poetical works of William Wordsworth. Edited by William Knight. vol. 1-8. The poetical works of William Wordsworth. 1882-86.
=580  \\$aPart title: The poetical works of William Wordsworth. Edited by William Knight. vol. 9-11. The life of William Wordsworth. By William Knight. 1889.
=700  1\$aKNIGHT, William Angus.
=787  0\$w(Uk)MP1.0004255218.0.1
=787  0\$w(Uk)MP1.0004255218.0.2
=886  2\$2blmarc$a709$b00$aKNIGHT$hWilliam Angus$p11612.ff.3.$x1762670054
=859  \\$aXLD$bMS Digitised
=883  0\$aLanguage codes assigned by Bayesian analysis of words present in record$d20201028$qUk$c0.9010
=985  \\$aCorrected by MS generated file for WR# 11/211
=985  \\$aUpgraded by BSS-generated file for WR2011-1472
=CAT  \\$aBATCH-MSDN$b00$c20081119$lBLL01$h0940
=CAT  \\$aBATCH-MSDE$b00$c20081120$lBLL01$h0851
=CAT  \\$aBATCH$b00$c20081120$lBLL01$h0858
=CAT  \\$aBATCH-MSDE$b00$c20081120$lBLL01$h0921
=CAT  \\$aBATCH$b00$c20081120$lBLL01$h0957
=CAT  \\$aBATCH-MSDE$b00$c20081120$lBLL01$h1134
=CAT  \\$aBATCH$b00$c20081120$lBLL01$h1651
=CAT  \\$aBATCH-MSDE$b00$c20081127$lBLL01$h1627
=CAT  \\$aBATCH$b00$c20081127$lBLL01$h1758
=CAT  \\$aBATCH-MSDE$b00$c20081203$lBLL01$h1750
=CAT  \\$aBATCH$b00$c20081203$lBLL01$h1900
=CAT  \\$aBATCH-UPD$b00$c20100501$lBLL01$h0041
=CAT  \\$aBATCH-MSDE$b00$c20110201$lBLL01$h1523
=CAT  \\$aBATCH-MSDE$b00$c20110201$lBLL01$h1531
=CAT  \\$aWR12-140$c20121030$lBLL01$h1037
=CAT  \\$aBATCH-MSDE$b00$c20130227$lBLL01$h1648
=CAT  \\$aBATCH-MSDE$b00$c20130227$lBLL01$h1701
=CAT  \\$aMSD-SUPP$c20130227$lBLL01$h1832
=CAT  \\$aBATCH-UPD$b00$c20130318$lBLL01$h1049
=CAT  \\$aWR13.117$c20130720$lBLL01$h1910
=CAT  \\$aWR14.046$c20140417$lBLL01$h1714
=CAT  \\$aWR13.144/5$c20140418$lBLL01$h1010
=CAT  \\$aWR11_211$c20141230$lBLL01$h1739
=CAT  \\$aBLSS-CORR$b00$c20141230$lBLL01$h1743
=CAT  \\$aW2011-1472$b00$c20201127$lBLL01$h1826
=CAT  \\$a7764$b40$c20210211$lBLL01$h1500
=FIN  \\$aY$d20130227
=LKR  \\$aPAR$lBLL01$r776$b003976869$mThe poetical works of William Wordsworth. Edited by William Knight.$nThe poetical works of William Wordsworth. Edited by William Knight.
=DGM  \\$a003976869$bCatBridge variable field
=DRT  \\$aMSD
=SRC  \\$aMSD$bmsdig_000174
=SRC  \\$aMSD$bmsdig_000173
=SRC  \\$aMSD$bmsdig_000626
=SRC  \\$aMSD$bmsdig_000625
=SRC  \\$aMSD$bmsdig_000059
=SRC  \\$aMSD$bmsdig_000057
=SRC  \\$aMSD$bmsdig_000053
=SRC  \\$aMSD$bmsdig_000055
=SRC  \\$aMSD$bmsdig_000054
=SRC  \\$aMSD$bmsdig_000056
=LAS  \\$a7764$b40$c20210211$lBLL01$h1500

