=LDR  02049 am a22005533  4500
=001  014825754
=003  Uk
=005  20210204142902.0
=007  cr\mn\024mpadp
=007  cr\mn\024mpada
=008  891010s1926\\\\enk\\\\\s\\\\\000\0\eng\\
=FMT  \\$a  BK
=040  \\$aUk$cUk$dUk
=100  1\$aPeacock, Thomas Love,$d1785-1866.
=245  14$aDramatic criticisms and translations, & other essays.
=260  \\$aLondon :$bConstable & Co. ;$aNew York :$bGabriel Wells,$c1926.
=300  \\$a328 p. :$bfront., facsims. ;$c23 cm.
=336  \\$atext$2rdacontent
=337  \\$acomputer$2rdamedia
=338  \\$aonline resource$2rdacarrier
=490  0\$aThe works of Thomas Love Peacock ;$vv. 10
=490  0\$aThe Halliford edition of the works of Thomas Love Peacock
=859  \\$aXLD$bMS Digitised
=CAT  \\$aBATCH-MSDN$b00$c20081120$lBLL01$h1127
=CAT  \\$aBATCH$b00$c20081120$lBLL01$h1651
=CAT  \\$aBATCH-UPD$b00$c20100501$lBLL01$h0041
=CAT  \\$a8874$b40$c20120206$lBLL01$h1008
=CAT  \\$aBATCH-MSDE$b00$c20130227$lBLL01$h1542
=CAT  \\$aBATCH-MSDE$b00$c20130227$lBLL01$h1648
=CAT  \\$aBATCH-MSDE$b00$c20130227$lBLL01$h1701
=CAT  \\$aBATCH-MSDE$b00$c20130227$lBLL01$h1705
=CAT  \\$aBATCH-MSDE$b00$c20130227$lBLL01$h1715
=CAT  \\$aMSD-SUPP$c20130227$lBLL01$h1832
=CAT  \\$aBATCH-UPD$b00$c20130318$lBLL01$h1049
=CAT  \\$aWR13.117$c20130720$lBLL01$h1910
=CAT  \\$aWR14.046$c20140417$lBLL01$h1715
=CAT  \\$aWR13.144/5$c20140418$lBLL01$h1010
=CAT  \\$a7764$b40$c20210204$lBLL01$h1429
=FIN  \\$aY$d20130227
=LKR  \\$aPAR$lBLL01$r776$b002803094$mDramatic criticisms and translations, & other essays$nDramatic criticisms and translations, & other essays
=DGM  \\$a002803094$bCatBridge variable field
=DRT  \\$aMSD
=SRC  \\$aMSD$bmsdig_000176
=SRC  \\$aMSD$bmsdig_000175
=SRC  \\$aMSD$bmsdig_000174
=SRC  \\$aMSD$bmsdig_000173
=SRC  \\$aMSD$bmsdig_000172
=SRC  \\$aMSD$bmsdig_000053
=LAS  \\$a7764$b40$c20210204$lBLL01$h1429

