=LDR  01924 as a22004933  4500
=001  014825755
=003  Uk
=005  20210211165509.0
=007  cr\mn\024mpadp
=007  cr\mn\024mpada
=008  891211u1864||||enk|||p|s|\\\\|\\\||eng\\
=FMT  \\$a  BK
=040  \\$aUk$cUk
=245  00$aPrize Papers written on various subjects for the Boy's Own Magazine.$h[electronic resource]
=264  \1$aLondon,$c1864.
=300  \\$c(8º)
=336  \\$atext$2rdacontent
=337  \\$acomputer$2rdamedia
=338  \\$aonline resource$2rdacarrier
=655  \4$aPeriodical publications.- London
=740  4\$aThe Boy's Own Magazine. [Edited by S. O. Beeton.]
=859  \\$aXLD$bMS Digitised
=883  0\$aLanguage codes assigned by Bayesian analysis of words present in record$d20201028$qUk$c0.9010
=985  \\$aUpgraded by BSS-generated file for WR1910-0531
=985  \\$aUpgraded by BSS-generated file for WR2011-1472
=CAT  \\$aBATCH-MSDN$b00$c20081120$lBLL01$h1127
=CAT  \\$aBATCH$b00$c20081120$lBLL01$h1651
=CAT  \\$aBATCH-UPD$b00$c20100501$lBLL01$h0041
=CAT  \\$aWR12-140$c20121030$lBLL01$h1037
=CAT  \\$aWR13.117$c20130720$lBLL01$h1910
=CAT  \\$aWR14.046$c20140417$lBLL01$h1715
=CAT  \\$aWR13.144/5$c20140418$lBLL01$h1010
=CAT  \\$a1805-0738$c20181228$lBLL01$h1821
=CAT  \\$a1805-0738$b00$c20181228$lBLL01$h1906
=CAT  \\$aW1910-0531$b00$c20191108$lBLL01$h1811
=CAT  \\$aW2001-2376$c20200626$lBLL01$h1820
=CAT  \\$aW2011-1472$b00$c20201127$lBLL01$h1826
=CAT  \\$a7764$b40$c20210211$lBLL01$h1655
=FIN  \\$aY$d20081120
=LKR  \\$aPAR$lBLL01$r776$b002840104$mPrize Papers written on various subjects for the Boy's Own Magazine.$nPrize Papers written on various subjects for the Boy's Own Magazine.
=DGM  \\$a002840104$bCatBridge variable field
=DRT  \\$aMSD
=SRC  \\$aMSD$bmsdig_000053
=LAS  \\$a7764$b40$c20210211$lBLL01$h1655

