=LDR  02099 am a22005173  4500
=001  014825757
=003  Uk
=005  20210208134505.0
=007  cr\mn\024mpadp
=007  cr\mn\024mpada
=008  900109s1697\\\\enk\\\\\s\\\\\000\d\eng\\
=FMT  \\$a  BK
=040  \\$aUk$cUk$dUk
=100  1\$aRavenscroft, Edward,$d1654?-1707.
=245  14$aThe anatomist: or, The sham doctor$h[electronic resource].$cWritten by Mr. Ravenscroft. With The loves of Mars and Venus. A play set to music. Written by Mr. Motteux. As they are acted together at the New Theatre, in Little Lincolns-Inn-Fields..
=246  3\$aSham doctor
=246  3\$aLoves of Mars and Venus
=264  \1$aLondon :$bPrinted, and are to be sold by R. Baldwin, near the Oxford Arms in Warwick lane,$c1697.
=300  \\$a2 parts ;$c(4º)
=336  \\$atext$2rdacontent
=337  \\$acomputer$2rdamedia
=338  \\$aonline resource$2rdacarrier
=340  \\$m4to$2rdabf
=700  12$aMotteux, Peter Anthony,$d1660-1718.$tLoves of Mars & Venus.
=859  \\$aXLD$bMS Digitised
=985  \\$aCorrected by MS generated file for WR# 11/211
=985  \\$aCorrected by MS generated file for WR# 1805-0738
=CAT  \\$aBATCH-MSDN$b00$c20081120$lBLL01$h1127
=CAT  \\$aBATCH$b00$c20081120$lBLL01$h1651
=CAT  \\$aBATCH-UPD$b00$c20100501$lBLL01$h0041
=CAT  \\$a8874$b40$c20120206$lBLL01$h1156
=CAT  \\$aWR13.117$c20130720$lBLL01$h1910
=CAT  \\$aWR14.046$c20140417$lBLL01$h1715
=CAT  \\$aWR13.144/5$c20140418$lBLL01$h1010
=CAT  \\$aWR11_211$c20141230$lBLL01$h1734
=CAT  \\$aBLSS-CORR$b00$c20141230$lBLL01$h1743
=CAT  \\$aBATCH-DCW$c20160710$lBLL01$h1803
=CAT  \\$a1805-0738$c20181228$lBLL01$h1821
=CAT  \\$a1805-0738$b00$c20181228$lBLL01$h1906
=CAT  \\$a6490$b40$c20210208$lBLL01$h1345
=FIN  \\$aY$d20081120
=LKR  \\$aPAR$lBLL01$r776$b003047002$mThe anatomist: or, The sham doctor.$nThe anatomist: or, The sham doctor.
=DGM  \\$a003047002$bCatBridge variable field
=DRT  \\$aMSD
=SRC  \\$aMSD$bmsdig_000053
=LAS  \\$a6490$b40$c20210208$lBLL01$h1345

