=LDR  01680 am a22004093  4500
=001  014825758
=003  Uk
=005  20210211085454.0
=007  cr\mn\024mpadp
=007  cr\mn\024mpada
=008  900209s1894\\\\enka\\\\s\\\\\000\1\eng\\
=FMT  \\$a  BK
=040  \\$aUk$cUk$dUk
=245  00$aMiss Parson's adventure /$cby W. Clark Russell ; and other stories by other writers.
=260  \\$aLondon :$bChapman and Hall,$c1894.
=300  \\$aviii, 340 p. :$bill. ;$c20 cm.
=336  \\$atext$2rdacontent
=337  \\$acomputer$2rdamedia
=338  \\$aonline resource$2rdacarrier
=505  0\$aMiss Parson's adventure / W. Clark Russell -- Quite impossible / W.E. Norris -- Judith Armytage / Julian Hawthorne -- The fly's web / Mrs. L.B. Walford -- The test of ridicule / F.C. Philips -- A lady's shoe / J.M. Barrie -- By special wire / Mrs. Alexander -- The witches curse / William Westall.
=700  1\$aRussell, William Clark,$d1844-1911.
=859  \\$aXLD$bMS Digitised
=CAT  \\$aBATCH-MSDN$b00$c20081120$lBLL01$h1127
=CAT  \\$aBATCH$b00$c20081120$lBLL01$h1651
=CAT  \\$aBATCH-UPD$b00$c20100501$lBLL01$h0041
=CAT  \\$a8874$b40$c20120207$lBLL01$h0848
=CAT  \\$aWR13.117$c20130720$lBLL01$h1910
=CAT  \\$aWR14.046$c20140417$lBLL01$h1715
=CAT  \\$aWR13.144/5$c20140418$lBLL01$h1010
=CAT  \\$aBATCH-DCW$c20160710$lBLL01$h1803
=CAT  \\$a7764$b40$c20210211$lBLL01$h0854
=FIN  \\$aY$d20081120
=LKR  \\$aPAR$lBLL01$r776$b003194960$mMiss Parson's adventure$nMiss Parson's adventure
=DGM  \\$a003194960$bCatBridge variable field
=DRT  \\$aMSD
=SRC  \\$aMSD$bmsdig_000053
=LAS  \\$a7764$b40$c20210211$lBLL01$h0854

