=LDR  01681 am a22004573  4500
=001  014825759
=003  Uk
=005  20210208135611.0
=007  cr\mn\024mpadp
=007  cr\mn\024mpada
=008  900214s1663\\\\enk\\\\\s\\\\\000\d\eng\\
=FMT  \\$a  BK
=040  \\$aUk$cUk$dUk
=100  1\$aSouthland, Thomas.
=245  10$aLove a la mode$h[electronic resource].$bA comedy. As it was lately acted with great applause at Middlesex-House. Written by a person of honour.
=264  \1$aLondon,$c1663.
=300  \\$a[8], 88 pages ;$c(4º)
=336  \\$atext$2rdacontent
=337  \\$acomputer$2rdamedia
=338  \\$aonline resource$2rdacarrier
=340  \\$m4to$2rdabf
=500  \\$aPreface signed: T.S. Attributed to Thomas Southland. cf. History of English drama 1660-1900 v.1 / A. Nicoll.
=859  \\$aXLD$bMS Digitised
=985  \\$aCorrected by MS generated file for WR# 1805-0738
=CAT  \\$aBATCH-MSDN$b00$c20081120$lBLL01$h1127
=CAT  \\$aBATCH$b00$c20081120$lBLL01$h1651
=CAT  \\$aBATCH-UPD$b00$c20100501$lBLL01$h0041
=CAT  \\$a8874$b40$c20120207$lBLL01$h0857
=CAT  \\$aWR13.117$c20130720$lBLL01$h1910
=CAT  \\$aWR14.046$c20140417$lBLL01$h1715
=CAT  \\$aWR13.144/5$c20140418$lBLL01$h1010
=CAT  \\$aBATCH-DCW$c20160710$lBLL01$h1803
=CAT  \\$a1805-0738$c20181228$lBLL01$h1821
=CAT  \\$a1805-0738$b00$c20181228$lBLL01$h1906
=CAT  \\$a6490$b40$c20210208$lBLL01$h1356
=FIN  \\$aY$d20081120
=LKR  \\$aPAR$lBLL01$r776$b003214167$mLove a la mode$nLove a la mode
=DGM  \\$a003214167$bCatBridge variable field
=DRT  \\$aMSD
=SRC  \\$aMSD$bmsdig_000053
=LAS  \\$a6490$b40$c20210208$lBLL01$h1356

