=LDR  01543 am a22004453  4500
=001  014825760
=003  Uk
=005  20210211154309.0
=007  cr\mn\024mpadp
=007  cr\mn\024mpada
=008  900305s1878\\\\enka\\\\s\\\\\000\0\eng\\
=FMT  \\$a  BK
=040  \\$aUk$cUk$dUk
=245  00$aCaledonia$h[electronic resource] /$cdescribed by Scott, Burns and Ramsay, with illustrations by John MacWhirter ; engraved by R. Paterson.
=260  \\$aLondon :$bW.P. Nimmo,$c1878.
=300  \\$a241 p. :$bill. ;$c28 cm.
=336  \\$atext$2rdacontent
=337  \\$acomputer$2rdamedia
=338  \\$aonline resource$2rdacarrier
=651  \0$aScotland$vPoetry.
=700  1\$aBurns, Robert,$d1759-1796.
=700  1\$aScott, Walter,$cSir,$d1771-1832.
=700  1\$aRamsay, Allan,$d1686-1758.
=700  1\$aMacWhirter, John,$d1839-1911.
=859  \\$aXLD$bMS Digitised
=CAT  \\$aBATCH-MSDN$b00$c20081120$lBLL01$h1127
=CAT  \\$aBATCH$b00$c20081120$lBLL01$h1651
=CAT  \\$aBATCH-UPD$b00$c20100501$lBLL01$h0041
=CAT  \\$a8874$b40$c20120307$lBLL01$h1355
=CAT  \\$aWR13.117$c20130720$lBLL01$h1910
=CAT  \\$aWR14.046$c20140417$lBLL01$h1715
=CAT  \\$aWR13.144/5$c20140418$lBLL01$h1010
=CAT  \\$aBATCH-DCW$c20160710$lBLL01$h1803
=CAT  \\$a7764$b40$c20210211$lBLL01$h1543
=FIN  \\$aY$d20081120
=LKR  \\$aPAR$lBLL01$r776$b003313351$mCaledonia$nCaledonia
=DGM  \\$a003313351$bCatBridge variable field
=DRT  \\$aMSD
=SRC  \\$aMSD$bmsdig_000053
=LAS  \\$a7764$b40$c20210211$lBLL01$h1543

