=LDR  02021 am a22005413  4500
=001  014825761
=003  Uk
=005  20210210100845.0
=007  cr\mn\024mpadp
=007  cr\mn\024mpada
=008  910108s1897\\\\enk\\\\\s\\\\\000\0\eng\\
=FMT  \\$a  BK
=040  \\$aUk$cUk
=100  1\$aHunt, Violet,$d1862-1942.
=245  10$aStories and play stories$h[electronic resource] /$cby Violet Hunt, the Hon. Mrs. Arthur Henniker, Lady Ridley, Joseph Strange, Arthur Handel Hamer, and others.
=264  \1$aLondon :$bChapman & Hall,$c1897.
=300  \\$avii, 304 pages ;$c(8º)
=336  \\$atext$2rdacontent
=337  \\$acomputer$2rdamedia
=338  \\$aonline resource$2rdacarrier
=700  1\$aHenniker, Florence,$d-1923.
=700  1\$aRidley, Alice.
=859  \\$aXLD$bMS Digitised
=985  \\$aCorrected by MS generated file for WR# 11/211
=985  \\$aRecord amended for WR# 13/070
=985  \\$aCorrected by MS generated file for WR# 1805-0738
=CAT  \\$aBATCH-MSDN$b00$c20081120$lBLL01$h1127
=CAT  \\$aBATCH$b00$c20081120$lBLL01$h1651
=CAT  \\$aBATCH-UPD$b00$c20100501$lBLL01$h0041
=CAT  \\$a8874$b40$c20120307$lBLL01$h1440
=CAT  \\$a8874$b40$c20120308$lBLL01$h0757
=CAT  \\$aWR13_070$b00$c20130504$lBLL01$h0307
=CAT  \\$aWR13.117$c20130720$lBLL01$h1910
=CAT  \\$aWR14.046$c20140417$lBLL01$h1715
=CAT  \\$aWR13.144/5$c20140418$lBLL01$h1010
=CAT  \\$aWR11_211$c20141230$lBLL01$h1739
=CAT  \\$aBLSS-CORR$b00$c20141230$lBLL01$h1743
=CAT  \\$aBATCH-DCW$c20160710$lBLL01$h1803
=CAT  \\$a1805-0738$c20181228$lBLL01$h1821
=CAT  \\$a1805-0738$b00$c20181228$lBLL01$h1906
=CAT  \\$aW2001-2376$c20200626$lBLL01$h1820
=CAT  \\$a7764$b40$c20210210$lBLL01$h1008
=FIN  \\$aY$d20081120
=LKR  \\$aPAR$lBLL01$r776$b003516347$mStories and play stories$nStories and play stories
=DGM  \\$a003516347$bCatBridge variable field
=DRT  \\$aMSD
=SRC  \\$aMSD$bmsdig_000053
=LAS  \\$a7764$b40$c20210210$lBLL01$h1008

