=LDR  02015 am a22005173  4500
=001  014825762
=003  Uk
=005  20210205103520.0
=007  cr\mn\024mpadp
=007  cr\mn\024mpada
=008  900529s1788\\\\enk\\\\\s\\\\\000\0\eng\\
=FMT  \\$a  BK
=040  \\$aUk$cUk
=245  04$aThe Album of Streatham ;$h[electronic resource] ;$bor, ministerial amusements. An authentic edition. To which are added, the bulse; a Pindaric ode: Jekyll; an ecologue: and the journal of the Right Hon. Henry Dundas.
=250  \\$aThe second edition ...
=264  \1$aLondon :$bJ. Ridgway,$c1788.
=300  \\$avii, 73 pages ;$c(8º)
=336  \\$atext$2rdacontent
=337  \\$acomputer$2rdamedia
=338  \\$aonline resource$2rdacarrier
=340  \\$m8vo$2rdabf
=500  \\$aFirst published in 1788 as 'Extracts from the album at Streatham'.
=650  \0$aPolitical satire, English.
=651  \0$aGreat Britain$xPolitics and government$y1760-1820.
=859  \\$aXLD$bMS Digitised
=985  \\$aCorrected by MS generated file for WR# 11/211
=985  \\$aCorrected by MS generated file for WR# 1805-0738
=CAT  \\$aBATCH-MSDN$b00$c20081120$lBLL01$h1127
=CAT  \\$aBATCH$b00$c20081120$lBLL01$h1651
=CAT  \\$aBATCH-UPD$b00$c20100501$lBLL01$h0041
=CAT  \\$a8874$b40$c20120309$lBLL01$h1022
=CAT  \\$aWR13.117$c20130720$lBLL01$h1910
=CAT  \\$aWR14.046$c20140417$lBLL01$h1715
=CAT  \\$aWR13.144/5$c20140418$lBLL01$h1010
=CAT  \\$aWR11_211$c20141230$lBLL01$h1739
=CAT  \\$aBLSS-CORR$b00$c20141230$lBLL01$h1743
=CAT  \\$aBATCH-DCW$c20160710$lBLL01$h1803
=CAT  \\$a1805-0738$c20181228$lBLL01$h1821
=CAT  \\$a1805-0738$b00$c20181228$lBLL01$h1906
=CAT  \\$a6490$b40$c20210205$lBLL01$h1035
=FIN  \\$aY$d20081120
=LKR  \\$aPAR$lBLL01$r776$b003524614$mThe Album of Streatham$nThe Album of Streatham
=DGM  \\$a003524614$bCatBridge variable field
=DRT  \\$aMSD
=SRC  \\$aMSD$bmsdig_000053
=LAS  \\$a6490$b40$c20210205$lBLL01$h1035

