=LDR  01634 am a22004573  4500
=001  014825763
=003  Uk
=005  20210211163441.0
=007  cr\mn\024mpadp
=007  cr\mn\024mpada
=008  980224s1862\\\\enk\\\\\s\\\\\000\0\eng\\
=FMT  \\$a  BK
=040  \\$aUk$cUk
=245  00$aLiterary recreations.$nVol. 1$h[electronic resource] :$ba selection of Lectures delivered before the Swellendam Literary Institute. [Edited by H. E. W.]
=264  \1$aSwellendam,$c1862.
=300  \\$a156 pages ;$c(8º)
=336  \\$atext$2rdacontent
=337  \\$acomputer$2rdamedia
=338  \\$aonline resource$2rdacarrier
=710  2\$aSwellendam Literary Institute.
=700  1\$aW., H. E.
=859  \\$aXLD$bMS Digitised
=985  \\$aCorrected by MS generated file for WR# 1805-0738
=CAT  \\$aBATCH-MSDN$b00$c20081120$lBLL01$h1127
=CAT  \\$aBATCH$b00$c20081120$lBLL01$h1651
=CAT  \\$aBATCH-UPD$b00$c20100501$lBLL01$h0041
=CAT  \\$a8874$b40$c20120309$lBLL01$h1046
=CAT  \\$aWR13.117$c20130720$lBLL01$h1910
=CAT  \\$aWR14.046$c20140417$lBLL01$h1715
=CAT  \\$aWR13.144/5$c20140418$lBLL01$h1010
=CAT  \\$aBATCH-DCW$c20160710$lBLL01$h1803
=CAT  \\$a1805-0738$c20181228$lBLL01$h1821
=CAT  \\$a1805-0738$b00$c20181228$lBLL01$h1906
=CAT  \\$aW2001-2376$c20200626$lBLL01$h1820
=CAT  \\$a7764$b40$c20210211$lBLL01$h1634
=FIN  \\$aY$d20081120
=LKR  \\$aPAR$lBLL01$r776$b003556511$mLiterary recreations$nLiterary recreations
=DGM  \\$a003556511$bCatBridge variable field
=DRT  \\$aMSD
=SRC  \\$aMSD$bmsdig_000053
=LAS  \\$a7764$b40$c20210211$lBLL01$h1634

