=LDR  02153 am a22004933  4500
=001  014825764
=003  Uk
=005  20210211161829.0
=007  cr\mn\024mpadp
=007  cr\mn\024mpada
=008  900531s1876\\\\enk\\\\\s\\\\\000\0\eng\\
=FMT  \\$a  BK
=040  \\$aUk$cUk
=100  1\$aSwift, Jonathan,$d1667-1745.
=245  14$aThe choice works of Dean Swift in prose and verse$h[electronic resource]
=264  \1$aLondon :$bChatto & Windus,$c1876.
=300  \\$alxxxii, 678 pages ;$c(8º)
=336  \\$atext$2rdacontent
=337  \\$acomputer$2rdamedia
=338  \\$aonline resource$2rdacarrier
=505  0\$aMemoir of Dean Swift. -- Travels into several remote nations of the world. -- A tale of a tub. -- A full and true account of the battle fought between the ancient and the modern books in St. James's Library. -- A discourse concerning the mechanical operation of the spirit in a letter to a friend. -- Miscellanies in prose. -- Miscellanies in verse. Appendix I & II.
=859  \\$aXLD$bMS Digitised
=985  \\$aCorrected by MS generated file for WR# 11/211
=985  \\$aCorrected by MS generated file for WR# 1805-0738
=CAT  \\$aBATCH-MSDN$b00$c20081120$lBLL01$h1127
=CAT  \\$aBATCH$b00$c20081120$lBLL01$h1651
=CAT  \\$aBATCH-UPD$b00$c20100501$lBLL01$h0041
=CAT  \\$a8874$b40$c20120309$lBLL01$h1317
=CAT  \\$aWR13.117$c20130720$lBLL01$h1910
=CAT  \\$aWR14.046$c20140417$lBLL01$h1715
=CAT  \\$aWR13.144/5$c20140418$lBLL01$h1010
=CAT  \\$aWR11_211$c20141230$lBLL01$h1739
=CAT  \\$aBLSS-CORR$b00$c20141230$lBLL01$h1743
=CAT  \\$aBATCH-DCW$c20160710$lBLL01$h1803
=CAT  \\$a1805-0738$c20181228$lBLL01$h1821
=CAT  \\$a1805-0738$b00$c20181228$lBLL01$h1906
=CAT  \\$aW2001-2376$c20200626$lBLL01$h1820
=CAT  \\$a7764$b40$c20210211$lBLL01$h1618
=FIN  \\$aY$d20081120
=LKR  \\$aPAR$lBLL01$r776$b003557262$mThe choice works of Dean Swift in prose and verse$nThe choice works of Dean Swift in prose and verse
=DGM  \\$a003557262$bCatBridge variable field
=DRT  \\$aMSD
=SRC  \\$aMSD$bmsdig_000053
=LAS  \\$a7764$b40$c20210211$lBLL01$h1618

