=LDR  02195 am a22005413  4500
=001  014825765
=003  Uk
=005  20210205142418.0
=007  cr\mn\024mpadp
=007  cr\mn\024mpada
=008  991026s1741\\\\enk\\\\\s\\\\\000\0\eng\\
=FMT  \\$a  BK
=040  \\$aUk$cUk$dUk
=100  1\$aSwift, Jonathan,$d1667-1745.
=240  10$aCorrespondence.$kSelections
=245  10$aDean Swift's literary correspondence, for twenty-four years; from 1714 to 1738$h[electronic resource].$bConsisting of original letters to and from Mr. Pope, Dr. Swift, Mr. Gay, Lord Bolingbroke, Dr. Arbuthnot, Dr. Wotton, Bishop Atterbury, D. & Dss. of Queensbury.
=264  \1$aLondon :$bE. Curll,$c1741.
=300  \\$a310 pages ;$c(8º)
=336  \\$atext$2rdacontent
=337  \\$acomputer$2rdamedia
=338  \\$aonline resource$2rdacarrier
=340  \\$m8vo$2rdabf
=500  \\$aEdited by Edmund Curll.
=700  1\$aPope, Alexander,$d1688-1744.
=700  1\$aGay, John,$d1685-1732.
=700  1\$aBolingbroke, Henry St. John,$cViscount,$d1678-1751.
=700  1\$aArbuthnot, John,$d1667-1735.
=700  1\$aCurll, Edmund,$d1675-1747.
=859  \\$aXLD$bMS Digitised
=985  \\$aCorrected by MS generated file for WR# 1805-0738
=CAT  \\$aBATCH-MSDN$b00$c20081120$lBLL01$h1127
=CAT  \\$aBATCH$b00$c20081120$lBLL01$h1651
=CAT  \\$aBATCH-UPD$b00$c20100501$lBLL01$h0041
=CAT  \\$a8874$b40$c20120309$lBLL01$h1328
=CAT  \\$a8874$b40$c20120309$lBLL01$h1333
=CAT  \\$aWR13.117$c20130720$lBLL01$h1910
=CAT  \\$aWR14.046$c20140417$lBLL01$h1715
=CAT  \\$aWR13.144/5$c20140418$lBLL01$h1010
=CAT  \\$aBATCH-DCW$c20160710$lBLL01$h1803
=CAT  \\$a1805-0738$c20181228$lBLL01$h1821
=CAT  \\$a1805-0738$b00$c20181228$lBLL01$h1906
=CAT  \\$a6490$b40$c20210205$lBLL01$h1424
=FIN  \\$aY$d20081120
=LKR  \\$aPAR$lBLL01$r776$b003557362$mDean Swift's literary correspondence, for twenty-four years; from 1714 to 1738$nDean Swift's literary correspondence, for twenty-four years; from 1714 to 1738
=DGM  \\$a003557362$bCatBridge variable field
=DRT  \\$aMSD
=SRC  \\$aMSD$bmsdig_000053
=LAS  \\$a6490$b40$c20210205$lBLL01$h1424

