=LDR  02258 am a22005533  4500
=001  014825766
=003  Uk
=005  20210210101124.0
=007  cr\mn\024mpadp
=007  cr\mn\024mpada
=008  900605s1896\\\\enka\\\\s\\\\\000\1\eng\\
=FMT  \\$a  BK
=040  \\$aUk$cUk$dUk
=245  00$aTales of our coast$h[electronic resource] /$cby S. R. Crockett, H. Frederic, Gilbert Parker, W. Clark Russell, Q ; with twelve illustrations by Frank Brangwyn.
=264  \1$aLondon :$bChatto & Windus,$c1896.
=300  \\$a171 pages ;$c(8º)
=336  \\$atext$2rdacontent
=337  \\$acomputer$2rdamedia
=338  \\$aonline resource$2rdacarrier
=505  0\$aCrockett, S.R. The smugglers of the clone.--Parker, G. "There is sorrow on the sea".--Frederick, H. The path of Murtogh.--Q [pseud.] The roll-call of the reef.--Russell, W.C. "That there Mason."
=700  1\$aCrockett, S. R.$q(Samuel Rutherford),$d1859-1914.
=700  1\$aParker, Gilbert,$d1862-1932.
=700  1\$aFrederic, Harold,$d1856-1898.
=700  1\$aQuiller-Couch, Arthur,$d1863-1944.
=700  1\$aRussell, William Clark,$d1844-1911.
=700  1\$aBrangwyn, Frank,$d1867-1956.
=859  \\$aXLD$bMS Digitised
=985  \\$aCorrected by MS generated file for WR# 1805-0738
=CAT  \\$aBATCH-MSDN$b00$c20081120$lBLL01$h1127
=CAT  \\$aBATCH$b00$c20081120$lBLL01$h1651
=CAT  \\$aBATCH-UPD$b00$c20100501$lBLL01$h0041
=CAT  \\$aBATCH-UPD$b00$c20101125$lBLL01$h1631
=CAT  \\$a8874$b40$c20120309$lBLL01$h1345
=CAT  \\$aBATCH-UPD$b40$c20121017$lBLL01$h2038
=CAT  \\$aWR13.117$c20130720$lBLL01$h1910
=CAT  \\$aWR14.046$c20140417$lBLL01$h1715
=CAT  \\$aWR13.144/5$c20140418$lBLL01$h1010
=CAT  \\$aBATCH-UPD$b00$c20140623$lBLL01$h2026
=CAT  \\$aBATCH-DCW$c20160710$lBLL01$h1803
=CAT  \\$a1805-0738$c20181228$lBLL01$h1821
=CAT  \\$a1805-0738$b00$c20181228$lBLL01$h1906
=CAT  \\$aW2001-2376$c20200626$lBLL01$h1820
=CAT  \\$a7764$b40$c20210210$lBLL01$h1011
=FIN  \\$aY$d20081120
=LKR  \\$aPAR$lBLL01$r776$b003575090$mTales of our coast$nTales of our coast
=DGM  \\$a003575090$bCatBridge variable field
=DRT  \\$aMSD
=SRC  \\$aMSD$bmsdig_000053
=LAS  \\$a7764$b40$c20210210$lBLL01$h1011

