=LDR  02409 am a22005293  4500
=001  014825769
=003  Uk
=005  20210204105624.0
=007  cr\mn\024mpadp
=007  cr\mn\024mpada
=008  900809s1849\\\\enka\\\\s\\\\\000\d\eng\\
=FMT  \\$a  BK
=040  \\$aUk$cUk$dUk
=245  04$aThe series of dramatic entertainments performed by royal command$h[electronic resource] :$bbefore Her Majesty the Queen ... at Windsor Castle. 1848-9 ... Printed verbatim from the authorised versions. With facsimiles of the bills of performance and a corrected list of the royal personages and the nobility and gentry present on each occasion /$cedited by B. Webster.
=260  \\$a[London] :$bPublished by Mr. Mitchell [etc.],$c[1849]
=300  \\$a372 p., 7 plates ;$c26 cm.
=336  \\$atext$2rdacontent
=337  \\$acomputer$2rdamedia
=338  \\$aonline resource$2rdacarrier
=700  1\$aBoucicault, Dion,$d1820-1890.$tUsed up.
=700  1\$aJerrold, Douglas William,$d1803-1857.$tHousekeeper.
=700  1\$aKenney, James,$d1780-1849.$tSweethearts and wives.
=700  1\$aMorton, John Maddison,$d1811-1891.$tBox and Cox.
=700  1\$aOxenford, John,$d1812-1877.$tTwice killed.
=700  1\$aShakespeare, William,$d1564-1616.$tHamlet.
=700  1\$aShakespeare, William,$d1564-1616.$tMerchant of Venice.
=700  1\$aThompson, Benjamin,$d1776?-1816.$tStranger.
=700  1\$aWebster, Benjamin,$d1797-1882.
=859  \\$aXLD$bMS Digitised
=985  \\$aCorrected by MS generated file for WR# 11/211
=CAT  \\$aBATCH-MSDN$b00$c20081120$lBLL01$h1127
=CAT  \\$aBATCH$b00$c20081120$lBLL01$h1651
=CAT  \\$aBATCH-UPD$b00$c20100501$lBLL01$h0041
=CAT  \\$a8874$b40$c20120309$lBLL01$h1434
=CAT  \\$aWR13.117$c20130720$lBLL01$h1910
=CAT  \\$aWR14.046$c20140417$lBLL01$h1715
=CAT  \\$aWR13.144/5$c20140418$lBLL01$h1010
=CAT  \\$aWR11_211$c20141230$lBLL01$h1739
=CAT  \\$aBLSS-CORR$b00$c20141230$lBLL01$h1743
=CAT  \\$aBATCH-DCW$c20160710$lBLL01$h1803
=CAT  \\$a6490$b40$c20210204$lBLL01$h1056
=FIN  \\$aY$d20081120
=LKR  \\$aPAR$lBLL01$r776$b003873166$mThe series of dramatic entertainments performed by royal command$nThe series of dramatic entertainments performed by royal command
=DGM  \\$a003873166$bCatBridge variable field
=DRT  \\$aMSD
=SRC  \\$aMSD$bmsdig_000053
=LAS  \\$a6490$b40$c20210204$lBLL01$h1056

