=LDR  01699 am a22004453  4500
=001  014825770
=003  Uk
=005  20210217092219.0
=007  cr\mn\024mpadp
=007  cr\mn\024mpada
=008  900806||||||||||||\\\\|s\\\\\|||\||eng\\
=FMT  \\$a  BK
=040  \\$aUk$cUk
=100  1\$aWebster, John,$d1580?-1625?.
=245  14$aThe Thracian wonder: a comical history.$h[electronic resource]
=336  \\$atext$2rdacontent
=337  \\$acomputer$2rdamedia
=338  \\$aonline resource$2rdacarrier
=580  \\$aIn : English Plays. Old English Plays. Vol. 6. 1814, etc. 8º.
=700  1\$aROWLEY, William,$cDramatist.
=886  2\$2blmarc$a709$b00$aROWLEY$hWilliam$fDramatist$p642.h.6.$x2831690269
=859  \\$aXLD$bMS Digitised
=883  0\$aLanguage codes assigned by Bayesian analysis of words present in record$d20201028$qUk$c0.9010
=985  \\$aUpgraded by BSS-generated file for WR2011-1472
=CAT  \\$aBATCH-MSDN$b00$c20081120$lBLL01$h1127
=CAT  \\$aBATCH$b00$c20081120$lBLL01$h1651
=CAT  \\$aBATCH-UPD$b00$c20100501$lBLL01$h0041
=CAT  \\$aWR12-140$c20121030$lBLL01$h1036
=CAT  \\$aWR13.117$c20130720$lBLL01$h1910
=CAT  \\$aWR14.046$c20140417$lBLL01$h1715
=CAT  \\$aWR13.144/5$c20140418$lBLL01$h1010
=CAT  \\$a8874$b40$c20151120$lBLL01$h0949
=CAT  \\$aW2011-1472$b00$c20201127$lBLL01$h1826
=CAT  \\$a6490$b40$c20210217$lBLL01$h0922
=FIN  \\$aY$d20081120
=LKR  \\$aPAR$lBLL01$r776$b003873854$mThe Thracian wonder: a comical history.$nThe Thracian wonder: a comical history.
=DGM  \\$a003873854$bCatBridge variable field
=DRT  \\$aMSD
=SRC  \\$aMSD$bmsdig_000053
=LAS  \\$a6490$b40$c20210217$lBLL01$h0922

