=LDR  01835 am a22004573  4500
=001  014825771
=003  Uk
=005  20210211171837.0
=007  cr\mn\024mpadp
=007  cr\mn\024mpada
=008  900806s1863\\\\enk\\\\\s\\\\\000\0\eng\\
=FMT  \\$a  BK
=040  \\$aUk$cUk$dUk
=245  00$aA Welcome$h[electronic resource] :$boriginal contributions in poetry and prose.
=260  \\$aLondon,$c1863.
=300  \\$avi, 291 p. ;$c21 cm.
=336  \\$atext$2rdacontent
=337  \\$acomputer$2rdamedia
=338  \\$aonline resource$2rdacarrier
=500  \\$a"Dedicated, by Her majesty's gracious permission, to Her Royal Highness Alexandra, princess of Wales."
=500  \\$aIncludes the first issue of D.G. Rossetti's sonnet "Lost days" and other contributions by Christina Rossetti, Charles Kingsley, Owen Meredith, Anthony Trollope, and others. Also a dedication by E. Arnold
=650  \0$aEnglish literature$y19th century.
=600  00$aAlexandra,$cQueen, consort of Edward VII, King of Great Britain,$d1844-1925.
=700  1\$aRossetti, Dante Gabriel,$d1828-1882.
=700  1\$aArnold, Edwin,$cSir,$d1832-1904.
=859  \\$aXLD$bMS Digitised
=CAT  \\$aBATCH-MSDN$b00$c20081120$lBLL01$h1127
=CAT  \\$aBATCH$b00$c20081120$lBLL01$h1651
=CAT  \\$aBATCH-UPD$b00$c20100501$lBLL01$h0041
=CAT  \\$a8874$b40$c20120312$lBLL01$h0741
=CAT  \\$aWR13.117$c20130720$lBLL01$h1910
=CAT  \\$aWR14.046$c20140417$lBLL01$h1715
=CAT  \\$aWR13.144/5$c20140418$lBLL01$h1010
=CAT  \\$aBATCH-DCW$c20160710$lBLL01$h1803
=CAT  \\$a7764$b40$c20210211$lBLL01$h1718
=FIN  \\$aY$d20081120
=LKR  \\$aPAR$lBLL01$r776$b003883433$mA Welcome$nA Welcome
=DGM  \\$a003883433$bCatBridge variable field
=DRT  \\$aMSD
=SRC  \\$aMSD$bmsdig_000053
=LAS  \\$a7764$b40$c20210211$lBLL01$h1718

