=LDR  01988 am a22004933  4500
=001  014825772
=003  Uk
=005  20210211085753.0
=007  cr\mn\024mpadp
=007  cr\mn\024mpada
=008  900912|1894||||enk\\\\|s\\\\\|||\||eng\\
=FMT  \\$a  BK
=040  \\$aUk$cUk
=100  1\$aWilbraham, Frances M.
=245  10$aPhil Thorndyke's Adventures: and other stories. By F. M. Wilbraham, E. M. Piper, Lady C. Thynne, and others, etc.$h[electronic resource]
=264  \1$aLondon :$bJ. Hogg,$c[1894]
=300  \\$aiv, 284 pages ;$c(8º)
=336  \\$atext$2rdacontent
=337  \\$acomputer$2rdamedia
=338  \\$aonline resource$2rdacarrier
=859  \\$aXLD$bMS Digitised
=985  \\$aUpgraded by BSS-generated file for WR1910-0531
=CAT  \\$aBATCH-MSDN$b00$c20081120$lBLL01$h1127
=CAT  \\$aBATCH$b00$c20081120$lBLL01$h1651
=CAT  \\$aBATCH-UPD$b00$c20100501$lBLL01$h0041
=CAT  \\$aBATCH-UPD$b00$c20120704$lBLL01$h0026
=CAT  \\$aWR12-140$c20121030$lBLL01$h1037
=CAT  \\$aWR13.117$c20130720$lBLL01$h1910
=CAT  \\$aWR14.046$c20140417$lBLL01$h1715
=CAT  \\$aWR13.144/5$c20140418$lBLL01$h1010
=CAT  \\$aWR11_211$c20141230$lBLL01$h1739
=CAT  \\$aBLSS-CORR$b00$c20141230$lBLL01$h1743
=CAT  \\$aW1807-0595$c20180717$lBLL01$h1729
=CAT  \\$a1805-0738$c20181228$lBLL01$h1821
=CAT  \\$a1805-0738$b00$c20181228$lBLL01$h1906
=CAT  \\$aW1910-0531$b00$c20191108$lBLL01$h1811
=CAT  \\$aW2001-2376$c20200626$lBLL01$h1820
=CAT  \\$a7764$b40$c20210211$lBLL01$h0857
=FIN  \\$aY$d20081120
=LKR  \\$aPAR$lBLL01$r776$b003922156$mPhil Thorndyke's Adventures: and other stories. By F. M. Wilbraham, E. M. Piper, Lady C. Thynne, and others, etc.$nPhil Thorndyke's Adventures: and other stories. By F. M. Wilbraham, E. M. Piper, Lady C. Thynne, and others, etc.
=DGM  \\$a003922156$bCatBridge variable field
=DRT  \\$aMSD
=SRC  \\$aMSD$bmsdig_000053
=LAS  \\$a7764$b40$c20210211$lBLL01$h0857

