=LDR  02119 am a22005173  4500
=001  014825773
=003  Uk
=005  20210205103059.0
=007  cr\mn\024mpadp
=007  cr\mn\024mpada
=008  900912s1794\\\\enk\\\\\s\\\\\000\0\eng\\
=FMT  \\$a  BK
=040  \\$aUk$cUk
=100  10$aWilliams, Edward,$d1747-1826.
=245  10$aPoems, lyric and pastoral$h[electronic resource].$bIn two volumes. By Edward Williams, ...
=264  \1$aLondon :$bprinted for the author, by J. Nichols; and sold by J. Johnson; J. Owen; E. Williams; Darton and Harvey; by all the Booksellers in Bath; Fletcher, Oxford; Merrill, Cambridge; Brown, and Lloyd, Bristol; Harward, Cheltenham; and Pritchard, Philadelphia,$c1794.
=300  \\$a2 volumes ;$c(12º)
=336  \\$atext$2rdacontent
=337  \\$acomputer$2rdamedia
=338  \\$aonline resource$2rdacarrier
=340  \\$m12mo$2rdabf
=500  \\$aAn account of, and extracts from, the Welsh-Bardic Triades.
=500  \\$aWith a list of subscribers.
=859  \\$aXLD$bMS Digitised
=985  \\$aCorrected by MS generated file for WR# 11/211
=985  \\$aCorrected by MS generated file for WR# 1805-0738
=CAT  \\$aBATCH-MSDN$b00$c20081120$lBLL01$h1127
=CAT  \\$aBATCH$b00$c20081120$lBLL01$h1651
=CAT  \\$aBATCH-UPD$b00$c20100501$lBLL01$h0041
=CAT  \\$a8874$b40$c20120312$lBLL01$h1259
=CAT  \\$aWR13.117$c20130720$lBLL01$h1910
=CAT  \\$aWR14.046$c20140417$lBLL01$h1715
=CAT  \\$aWR13.144/5$c20140418$lBLL01$h1010
=CAT  \\$aWR11_211$c20141230$lBLL01$h1739
=CAT  \\$aBLSS-CORR$b00$c20141230$lBLL01$h1743
=CAT  \\$aBATCH-UPD$b00$c20141230$lBLL01$h1810
=CAT  \\$aBATCH-DCW$c20160710$lBLL01$h1803
=CAT  \\$a1805-0738$c20181228$lBLL01$h1821
=CAT  \\$a1805-0738$b00$c20181228$lBLL01$h1906
=CAT  \\$a6490$b40$c20210205$lBLL01$h1030
=FIN  \\$aY$d20081120
=LKR  \\$aPAR$lBLL01$r776$b003932106$mPoems, lyric and pastoral$nPoems, lyric and pastoral
=DGM  \\$a003932106$bCatBridge variable field
=DRT  \\$aMSD
=SRC  \\$aMSD$bmsdig_000053
=LAS  \\$a6490$b40$c20210205$lBLL01$h1030

