=LDR  02040 am a22005053  4500
=001  014825774
=003  Uk
=005  20210211162223.0
=007  cr\mn\024mpadp
=007  cr\mn\024mpada
=008  901001s1873\\\\stk\\\\\s\\\\\000\0\eng\\
=FMT  \\$a  BK
=040  \\$aUk$cUk$dUk
=100  1\$aWills, W. G.$q(William Gorman),$d1828-1891.
=245  10$aDrawing room dramas$h[electronic resource] /$cby William Gorman Wills and Mrs. Greene.
=264  \1$aEdinburgh :$bBlackwood,$c1873.
=300  \\$a172 pages ;$c(8º)
=336  \\$atext$2rdacontent
=337  \\$acomputer$2rdamedia
=338  \\$aonline resource$2rdacarrier
=505  0\$aLuralie the water sprite / W.G. Wills -- Prince Croesus in search of a wife / Mrs. Greene -- Nettle coats, or, The silent princess / Mrs. Greene and F.M.S.
=700  12$aWills, W. G.$q(William Gorman),$d1828-1891.$tLuralie the water sprite.
=700  12$aGreene,$cMrs.$q(Louisa Lilias),$d1833-1891.$tPrince Croesus in search of a wife.
=700  12$aGreene,$cMrs.$q(Louisa Lilias),$d1833-1891.$tNettle coats.
=700  02$aF. M. S.$tNettle coats.
=859  \\$aXLD$bMS Digitised
=985  \\$aCorrected by MS generated file for WR# 1805-0738
=CAT  \\$aBATCH-MSDN$b00$c20081120$lBLL01$h1127
=CAT  \\$aBATCH$b00$c20081120$lBLL01$h1651
=CAT  \\$aBATCH-UPD$b00$c20100501$lBLL01$h0041
=CAT  \\$a8874$b40$c20120312$lBLL01$h1314
=CAT  \\$aWR13.117$c20130720$lBLL01$h1910
=CAT  \\$aWR14.046$c20140417$lBLL01$h1715
=CAT  \\$aWR13.144/5$c20140418$lBLL01$h1010
=CAT  \\$aBATCH-DCW$c20160710$lBLL01$h1803
=CAT  \\$a1805-0738$c20181228$lBLL01$h1821
=CAT  \\$a1805-0738$b00$c20181228$lBLL01$h1906
=CAT  \\$aW2001-2376$c20200626$lBLL01$h1820
=CAT  \\$a7764$b40$c20210211$lBLL01$h1622
=FIN  \\$aY$d20081120
=LKR  \\$aPAR$lBLL01$r776$b003941171$mDrawing room dramas$nDrawing room dramas
=DGM  \\$a003941171$bCatBridge variable field
=DRT  \\$aMSD
=SRC  \\$aMSD$bmsdig_000053
=LAS  \\$a7764$b40$c20210211$lBLL01$h1622

