=LDR  03176 am a22006973  4500
=001  014839213
=003  Uk
=005  20210205100926.0
=007  cr\mn\024mpadp
=007  cr\mn\024mpada
=008  950327|1814||||enk\\\\|s\\\\\|||\||eng\\
=FMT  \\$a  BK
=040  \\$aUk$cUk
=100  10$aDilke, Charles Wentworth,$d1789-1864.
=245  10$aOld English plays; being a selection from the early dramatic writers. [Edited by Charles Wentworth Dilke, and designed as a continuation of Dodsley's collection.]$h[electronic resource]
=264  \1$aLondon :$bJohn Martin,$c1814, 1815.
=300  \\$a6 volumes ;$c(8º)
=336  \\$atext$2rdacontent
=337  \\$acomputer$2rdamedia
=338  \\$aonline resource$2rdacarrier
=340  \\$m8vo$2rdabf
=700  1\$aDodsley, Robert,$d1704-1764.$tSingle Works. A select collection of old plays.
=720  \\$aOLD ENGLISH PLAYS
=787  0\$tOld plays; being a continuation of Dodsley's collection. With notes critical and explanatory.$w(Uk)MP1.0000988643.1$dLondon: Rodwell & Martin, 1816. 6 vol. 8º.
=886  2\$2blmarc$a709$b00$aDODSLEY$hRobert$tSingle Works$tA select collection of old plays$p642.h.1-6.$x0850780195
=886  2\$2blmarc$a709$b00$aOLD ENGLISH PLAYS$p642.h.1-6.$x2411380259
=859  \\$aXLD$bMS Digitised
=985  \\$aUpgraded by BSS-generated file for WR1910-0531
=CAT  \\$aBATCH-MSDN$b00$c20081127$lBLL01$h1625
=CAT  \\$aBATCH$b00$c20081127$lBLL01$h1759
=CAT  \\$aBATCH-MSDE$b00$c20090102$lBLL01$h0921
=CAT  \\$aBATCH$b00$c20090102$lBLL01$h0947
=CAT  \\$aBATCH-MSDE$b00$c20090108$lBLL01$h0732
=CAT  \\$aBATCH$b00$c20090108$lBLL01$h1119
=CAT  \\$aBATCH-MSDE$b00$c20090122$lBLL01$h0923
=CAT  \\$aBATCH$b00$c20090122$lBLL01$h0942
=CAT  \\$aBATCH-MSDE$b00$c20090129$lBLL01$h1552
=CAT  \\$aBATCH$b00$c20090129$lBLL01$h1611
=CAT  \\$aBATCH-UPD$b00$c20100501$lBLL01$h0043
=CAT  \\$aWR12-140$c20121030$lBLL01$h1037
=CAT  \\$aWR13.117$c20130720$lBLL01$h1913
=CAT  \\$aWR14.046$c20140417$lBLL01$h1717
=CAT  \\$aWR13.144/5$c20140418$lBLL01$h1012
=CAT  \\$aWR11_211$c20141230$lBLL01$h1740
=CAT  \\$aBLSS-CORR$b00$c20141230$lBLL01$h1743
=CAT  \\$a9572$b40$c20170904$lBLL01$h1315
=CAT  \\$a11069$b40$c20180705$lBLL01$h1405
=CAT  \\$a1805-0738$c20181228$lBLL01$h1822
=CAT  \\$a1805-0738$b00$c20181228$lBLL01$h1908
=CAT  \\$aW1910-0531$b00$c20191108$lBLL01$h1812
=CAT  \\$a6490$b40$c20210205$lBLL01$h1009
=FIN  \\$aY$d20090129
=LKR  \\$aPAR$lBLL01$r776$b000939521$mOld English plays; being a selection from the early dramatic writers. [Edited by Charles Wentworth Dilke, and designed as a continuation of Dodsley's collection.]$nOld English plays; being a selection from the early dramatic writers. [Edited by Charles Wentworth Dilke, and designed as a continuation of Dodsley's collection.]
=DGM  \\$a000939521$bCatBridge variable field
=DRT  \\$aMSD
=SRC  \\$aMSD$bmsdig_000066
=SRC  \\$aMSD$bmsdig_000065
=SRC  \\$aMSD$bMSDIG_000063
=SRC  \\$aMSD$bmsdig_000057
=SRC  \\$aMSD$bmsdig_000062
=LAS  \\$a6490$b40$c20210205$lBLL01$h1009

