=LDR  01790 am a22004813  4500
=001  014846756
=003  Uk
=005  20210208145113.0
=007  cr\mn\024mpadp
=007  cr\mn\024mpada
=008  890224s1906\\\\enk\\\\\s\\\\\000\d\eng\\
=FMT  \\$a  BK
=040  \\$aUk$cUk$dUk
=245  00$aLilies that fester, and Love's constancy$h[electronic resource].
=260  \\$aLondon :$bA. H. Bullen$c[1906]
=300  \\$a74 p. ;$c21 cm.
=336  \\$atext$2rdacontent
=337  \\$acomputer$2rdamedia
=338  \\$aonline resource$2rdacarrier
=490  0\$aPlayhouse series
=500  \\$aCover-title.
=500  \\$aEach play has special t.-p.
=505  0\$aLilies that fester, a tragedy in one act / adapted from the old play 'Arden of Feversham' by William Poel--Love's constancy, an episode in the play of 'Edward the Third' / arranged in one act by William Poel.
=700  1\$aPoel, William,$d1852-1934.
=730  0\$aArden of Feversham.
=730  0\$aEdward III (Drama)
=740  02$aLove's constancy.
=859  \\$aXLD$bMS Digitised
=CAT  \\$aBATCH-MSDN$b00$c20081203$lBLL01$h1749
=CAT  \\$aBATCH$b00$c20081203$lBLL01$h1900
=CAT  \\$aBATCH-UPD$b00$c20100501$lBLL01$h0044
=CAT  \\$a8874$b40$c20120203$lBLL01$h1133
=CAT  \\$aWR13.117$c20130720$lBLL01$h1914
=CAT  \\$aWR14.046$c20140417$lBLL01$h1718
=CAT  \\$aWR13.144/5$c20140418$lBLL01$h1013
=CAT  \\$aBATCH-DCW$c20160710$lBLL01$h1803
=CAT  \\$a7764$b40$c20210208$lBLL01$h1451
=FIN  \\$aY$d20081203
=LKR  \\$aPAR$lBLL01$r776$b002169627$mLilies that fester, and Love's constancy.$nLilies that fester, and Love's constancy.
=DGM  \\$a002169627$bCatBridge variable field
=DRT  \\$aMSD
=SRC  \\$aMSD$bmsdig_000059
=LAS  \\$a7764$b40$c20210208$lBLL01$h1451

