=LDR  01898 am a22004813  4500
=001  014861190
=003  Uk
=005  20210211153804.0
=007  cr\mn\024mpadp
=007  cr\mn\024mpada
=008  880616s1881\\\\enka\\\\s\\\\\000\p\eng\\
=FMT  \\$a  BK
=040  \\$aUk$cUk$dUk
=100  1\$aThomson, James,$d1700-1748.
=245  14$aThe poetical works of James Thomson, James Beattie, Gilbert West, and John Bampfylde$h[electronic resource] /$cillustrated by Birket Foster.
=260  \\$aLondon :$bG. Routledge and Co.,$c1881.
=300  \\$axix, 308, viii, 96, vi, 25, iv, 7 p. :$bill. ;$c17 cm.
=336  \\$atext$2rdacontent
=337  \\$acomputer$2rdamedia
=338  \\$aonline resource$2rdacarrier
=490  0\$aRoutledge's British poets
=700  1\$aBeattie, James,$d1735-1803.
=700  1\$aWest, Gilbert,$d1703-1756.
=700  1\$aBampfylde, John Codrington,$d1754-1796.
=700  1\$aFoster, Myles Birket,$d1825-1899.
=859  \\$aXLD$bMS Digitised
=CAT  \\$aBATCH-MSDN$b00$c20081219$lBLL01$h1352
=CAT  \\$aBATCH$b00$c20081219$lBLL01$h1418
=CAT  \\$aBATCH$b00$c20091225$lBLL01$h0211
=CAT  \\$aBATCH-UPD$b00$c20100501$lBLL01$h0045
=CAT  \\$a8874$b40$c20120126$lBLL01$h1348
=CAT  \\$a8874$b40$c20120126$lBLL01$h1352
=CAT  \\$aWR13.117$c20130720$lBLL01$h1915
=CAT  \\$aWR14.046$c20140417$lBLL01$h1719
=CAT  \\$aWR13.144/5$c20140418$lBLL01$h1014
=CAT  \\$aBATCH-DCW$c20160710$lBLL01$h1803
=CAT  \\$a7764$b40$c20210211$lBLL01$h1538
=FIN  \\$aY$d20081219
=LKR  \\$aPAR$lBLL01$r776$b000239877$mThe poetical works of James Thomson, James Beattie, Gilbert West, and John Bampfylde.$nThe poetical works of James Thomson, James Beattie, Gilbert West, and John Bampfylde.
=DGM  \\$a000239877$bCatBridge variable field
=DRT  \\$aMSD
=SRC  \\$aMSD$bmsdig_000061
=LAS  \\$a7764$b40$c20210211$lBLL01$h1538

