=LDR  02461 am a22004933  4500
=001  014861191
=003  Uk
=005  20210204154547.0
=007  cr\mn\024mpadp
=007  cr\mn\024mpada
=008  881130s1915\\\\enk\\\\\s\\\\\000\p\eng\\
=FMT  \\$a  BK
=040  \\$aUk$cUk$dUk
=245  00$aBermuda in poetry, 1610-1908 /$cpoems by Waller, Marvel, Frencan, Moore and others ; selected and edited by F. C. Hicks.
=264  \1$aHamilton, Bermuda :$bColonist Press,$c1915.
=300  \\$a75 pages ;$c(8º)
=336  \\$atext$2rdacontent
=337  \\$acomputer$2rdamedia
=338  \\$aonline resource$2rdacarrier
=505  0\$aIntroduction.--Newes from Virginia, 1610, by R. Rich.--The battle of the Summer Islands, 1645, by Edmund Waller.--Bermudas, 1681, by Andrew Marvell.--The Bermudian, 1774, By Nathaniel Tucker.--The Bermuda Islands, 1778, by Philip Freneau.--To the Marchioness Dowager of Donegall, 1804; To George Morgan, 1804; To Joseph Atkinson, esq., 1804; Ode to Nea, 1804; [and] The snow spirit, 1804, by Thomas Moore.--A poem descriptive of Bermuda, 1809, by An English gentleman.--Bermoothes, 1878, by Lucy Larcom.--Bermuda, 1894, by C.K. Bolton.--Spanish Rock, 1898; Song of the keepers of the Western gate, 1902; by Bessie Gray.--Bermuda, 1908, by H.W. Bowen.
=700  1\$aHicks, Frederick C.$q(Frederick Charles),$d1875-1956.
=859  \\$aXLD$bMS Digitised
=985  \\$aRecord amended for WR# 13/070
=985  \\$aCorrected by MS generated file for WR# 1805-0738
=CAT  \\$aBATCH-MSDN$b00$c20081219$lBLL01$h1352
=CAT  \\$aBATCH$b00$c20081219$lBLL01$h1418
=CAT  \\$aBATCH-UPD$b00$c20100501$lBLL01$h0045
=CAT  \\$a8874$b40$c20120202$lBLL01$h1257
=CAT  \\$aWR13_070$b00$c20130504$lBLL01$h0308
=CAT  \\$aWR13.117$c20130720$lBLL01$h1915
=CAT  \\$aWR14.046$c20140417$lBLL01$h1719
=CAT  \\$aWR13.144/5$c20140418$lBLL01$h1014
=CAT  \\$aBATCH-UPD$b00$c20140802$lBLL01$h1736
=CAT  \\$aBATCH-DCW$c20160710$lBLL01$h1803
=CAT  \\$a1805-0738$c20181228$lBLL01$h1823
=CAT  \\$a1805-0738$b00$c20181228$lBLL01$h1909
=CAT  \\$aW2001-2376$c20200626$lBLL01$h1822
=CAT  \\$a7764$b40$c20210204$lBLL01$h1545
=FIN  \\$aY$d20081219
=LKR  \\$aPAR$lBLL01$r776$b001678598$mBermuda in poetry, 1610-1908$nBermuda in poetry, 1610-1908
=DGM  \\$a001678598$bCatBridge variable field
=DRT  \\$aMSD
=SRC  \\$aMSD$bmsdig_000061
=LAS  \\$a7764$b40$c20210204$lBLL01$h1545

