=LDR  03393cam a22006853  4500
=001  014896304
=003  Uk
=005  20230613104205.0
=007  cr\mn\024mpadp
=007  cr\mn\024mpada
=008  010116s1885\\\\enk\\\\\s\\\\o000\0\eng\\
=FMT  \\$a  BK
=040  \\$aUk$cUk$dUk
=110  1\$aGreat Britain.$bHydrographic Department.
=245  10$aSouth American pilot.$nPart I,$pEast coast of South America, from Cape St. Rogue to Cape Virgins, including Falkland, South Georgia, Sandwich and South Shetland Islands ; also the north coast from Cape St. Rogue to Cape Orange in French Guiana,$h[electronic resource].
=246  00$aSouth America pilot
=260  \\$aLondon :$bHydrographic Office,$c1885.
=336  \\$atext$2rdacontent
=337  \\$acomputer$2rdamedia
=338  \\$aonline resource$2rdacarrier
=490  0\$aSailing Directions. America
=500  \\$aCompiled by Staff Commander James Penn, R. N.
=525  \\$aKept up-to-date between eds. by supplements and Admiralty notices to mariners.
=504  \\$aIncludes index.
=651  \7$aSouth Georgia and South Sandwich Islands.$2fast$0(OCoLC)fst01260107
=651  \7$aAntarctic Ocean$zSouth Shetland Islands.$2fast$0(OCoLC)fst01244146
=650  \0$aAids to navigation$zBrazil.
=650  \0$aAids to navigation$zFalkland Islands.
=650  \0$aAids to navigation$zFrench Guiana.
=650  \0$aAids to navigation$zPatagonia (Argentina and Chile).
=650  \0$aAids to navigation$zSouth Atlantic Ocean.
=650  \0$aAids to navigation$zSouth Georgia and South Sandwich Islands.
=650  \0$aAids to navigation$zVirgins, Cape (Argentina)
=650  \0$aPilot guides$zSouth America.
=700  1\$aPenn, James R.
=859  \\$aXLD$bMS Digitised
=985  \\$aEnhanced during collaborative project with UCL (course BASC0033). 2022-23.
=CAT  \\$aBATCH-MSDN$b00$c20090205$lBLL01$h1044
=CAT  \\$aBATCH$b00$c20090205$lBLL01$h1109
=CAT  \\$aBATCH-UPD$b00$c20100501$lBLL01$h0048
=CAT  \\$a10932$b40$c20130326$lBLL01$h1056
=CAT  \\$a10932$b40$c20130326$lBLL01$h1110
=CAT  \\$a10932$b40$c20130411$lBLL01$h1132
=CAT  \\$a11249$b40$c20130418$lBLL01$h1611
=CAT  \\$aWR13_070$b00$c20130504$lBLL01$h0309
=CAT  \\$a10932$b40$c20130515$lBLL01$h0947
=CAT  \\$aWR13_070C$c20130611$lBLL01$h1855
=CAT  \\$aWR13.117$c20130720$lBLL01$h1918
=CAT  \\$aWR14.046$c20140417$lBLL01$h1722
=CAT  \\$aWR13.144/5$c20140418$lBLL01$h1017
=CAT  \\$a10932$b40$c20160607$lBLL01$h0851
=CAT  \\$aBATCH-DCW$c20160710$lBLL01$h1803
=CAT  \\$a7764$b40$c20210211$lBLL01$h1047
=CAT  \\$a14185$b40$c20230613$lBLL01$h1042
=FIN  \\$aY$d20090205
=LKR  \\$aPAR$lBLL01$r776$b001091669$mThe South American pilot. Part I, East coast of South America, from Cape St. Rogue to Cape Virgins, including Falkland, South Georgia, Sandwich and South Shetland Islands ; also the north coast from Cape St. Rogue to Cape Orange in French Guiana (electronic resource)$nThe South American pilot. Part I, East coast of South America, from Cape St. Rogue to Cape Virgins, including Falkland, South Georgia, Sandwich and South Shetland Islands ; also the north coast from Cape St. Rogue to Cape Orange in French Guiana
=DGM  \\$a001091669$bCatBridge variable field
=DRT  \\$aMSD
=SRC  \\$aMSD$bmsdig_000067
=LAS  \\$a14185$b40$c20230613$lBLL01$h1042

