=LDR  02343 am a22005293  4500
=001  014912168
=003  Uk
=005  20210208134018.0
=007  cr\mn\024mpadp
=007  cr\mn\024mpada
=008  971218s1702\\\\enk\\\\\s\\\\\000\p\eng\\
=FMT  \\$a  BK
=040  \\$aUk$cUk$dUk
=245  02$aA collection of poems$h[electronic resource] :$bviz. The Temple of death /$cby the Marquis of Normanby ; An epistle to the Earl of Dorset by Charles Montague, Lord Halifax ; The duel of the stags by Sir Robert Howard ; With several original poems, never before printed, by the E. of Rossommon, the E. of Rochester, the E. of Orrery, Sir Charles Sedley, Sir George Etherege, Mr. Granville, Mr. Stepney, Mr. Dryden, &c.
=250  \\$aThe second edition.
=264  \1$aLondon :$bPrinted for Ralph Smith, at the Bible,$c1702.
=300  \\$a[8], 453, [3] pages ;$c20 cm. (8º)
=336  \\$atext$2rdacontent
=337  \\$acomputer$2rdamedia
=338  \\$aonline resource$2rdacarrier
=340  \\$m8vo$2rdabf
=500  \\$aAn enlarged edition of "A collection of poems by several hands" first published in 1693.
=650  \0$aEnglish poetry$yEarly modern, 1500-1700.
=700  1\$aBuckingham, John Sheffield,$cDuke of,$d1647-1721.
=859  \\$aXLD$bMS Digitised
=985  \\$aCorrected by MS generated file for WR# 11/211
=985  \\$aCorrected by MS generated file for WR# 1805-0738
=CAT  \\$aBATCH-MSDN$b00$c20090220$lBLL01$h1507
=CAT  \\$aBATCH$b00$c20090220$lBLL01$h1523
=CAT  \\$aBATCH-UPD$b00$c20100501$lBLL01$h0049
=CAT  \\$a8874$b40$c20120127$lBLL01$h1349
=CAT  \\$aBATCH-UPD$b40$c20120704$lBLL01$h2022
=CAT  \\$aWR13.117$c20130720$lBLL01$h1918
=CAT  \\$aWR14.046$c20140417$lBLL01$h1722
=CAT  \\$aWR13.144/5$c20140418$lBLL01$h1018
=CAT  \\$aWR11_211$c20141230$lBLL01$h1741
=CAT  \\$aBLSS-CORR$b00$c20141230$lBLL01$h1743
=CAT  \\$aBATCH-DCW$c20160710$lBLL01$h1803
=CAT  \\$a1805-0738$c20181228$lBLL01$h1825
=CAT  \\$a1805-0738$b00$c20181228$lBLL01$h1910
=CAT  \\$a6490$b40$c20210208$lBLL01$h1340
=FIN  \\$aY$d20090220
=LKR  \\$aPAR$lBLL01$r776$b000744708$mA collection of poems$nA collection of poems
=DGM  \\$a000744708$bCatBridge variable field
=DRT  \\$aMSD
=SRC  \\$aMSD$bmsdig_000069
=LAS  \\$a6490$b40$c20210208$lBLL01$h1340

