=LDR  01739 am a22004453  4500
=001  014912169
=003  Uk
=005  20210210100641.0
=007  cr\mn\024mpadp
=007  cr\mn\024mpada
=008  000208s1898\\\\xxu\\\\\s\\\\\000\p\eng\\
=FMT  \\$a  BK
=040  \\$aUk$cUk$dUk
=245  04$aThe revival of English poetry in the nineteenth century$h[electronic resource] :$bselections from Wordsworth, Coleridge, Shelley, Keats and Byron ; with an introduction by Elinor M. Buckingham.
=260  \\$aNew York ;$aBoston :$bMorse Co. :$c1898.
=300  \\$alxv, 257 p. :$bports. ;$c20 cm.
=336  \\$atext$2rdacontent
=337  \\$acomputer$2rdamedia
=338  \\$aonline resource$2rdacarrier
=504  \\$aBibliography: p. lv-lxv.
=700  1\$aBUCKINGHAM, Elinor Mead.
=859  \\$aXLD$bMS Digitised
=985  \\$aCorrected by MS generated file for WR# 11/211
=CAT  \\$aBATCH-MSDN$b00$c20090220$lBLL01$h1507
=CAT  \\$aBATCH$b00$c20090220$lBLL01$h1523
=CAT  \\$aBATCH-UPD$b00$c20100501$lBLL01$h0049
=CAT  \\$a8874$b40$c20120206$lBLL01$h1242
=CAT  \\$aWR13.117$c20130720$lBLL01$h1918
=CAT  \\$aWR14.046$c20140417$lBLL01$h1722
=CAT  \\$aWR13.144/5$c20140418$lBLL01$h1018
=CAT  \\$aWR11_211$c20141230$lBLL01$h1734
=CAT  \\$aBLSS-CORR$b00$c20141230$lBLL01$h1743
=CAT  \\$aBATCH-DCW$c20160710$lBLL01$h1803
=CAT  \\$a7764$b40$c20210210$lBLL01$h1006
=FIN  \\$aY$d20090220
=LKR  \\$aPAR$lBLL01$r776$b003080487$mThe revival of English poetry in the nineteenth century$nThe revival of English poetry in the nineteenth century
=DGM  \\$a003080487$bCatBridge variable field
=DRT  \\$aMSD
=SRC  \\$aMSD$bmsdig_000069
=LAS  \\$a7764$b40$c20210210$lBLL01$h1006

