=LDR  02107 am a22005053  4500
=001  014939298
=003  Uk
=005  20210204142554.0
=007  cr\mn\024mpadp
=007  cr\mn\024mpada
=008  880418s1927\\\\xxu\\\\\s\\\\\000\0\eng\\
=FMT  \\$a  BK
=040  \\$aUk$cUk$dUk
=100  1\$aEdwards, Richard,$d1523?-1566.
=245  14$aThe paradise of dainty devices (1576-1606)$h[electronic resource] /$cedited by Hyder Edward Rollins.
=260  \\$aCambridge, Mass. :$bHarvard University Press,$c1927.
=300  \\$alxix, 298 p. :$bfacsims., coat of arms ;$c27 cm.
=336  \\$atext$2rdacontent
=337  \\$acomputer$2rdamedia
=338  \\$aonline resource$2rdacarrier
=500  \\$aWith reproductions of the title-pages of eight of the Elizabethan editions.
=500  \\$a"The present edition, based upon nine of the ten Elizabethan editions, is the only one in existence which reprints every line of these nine and enumerates every change."--Introd.
=650  \0$aEnglish poetry$yEarly modern, 1500-1700.
=700  1\$aRollins, Hyder Edward,$d1889-1958.
=859  \\$aXLD$bMS Digitised
=985  \\$aCorrected by MS generated file for WR# 11/211
=CAT  \\$aBATCH-MSDN$b00$c20090326$lBLL01$h0815
=CAT  \\$aBATCH$b00$c20090326$lBLL01$h0831
=CAT  \\$aBATCH-UPD$b00$c20100501$lBLL01$h0049
=CAT  \\$a8874$b40$c20120126$lBLL01$h1406
=CAT  \\$aWR13.117$c20130720$lBLL01$h1918
=CAT  \\$aWR14.046$c20140417$lBLL01$h1723
=CAT  \\$aWR13.144/5$c20140418$lBLL01$h1018
=CAT  \\$aWR11_211$c20141230$lBLL01$h1741
=CAT  \\$aBLSS-CORR$b00$c20141230$lBLL01$h1743
=CAT  \\$aBATCH-DCW$c20160710$lBLL01$h1803
=CAT  \\$aBATCH-DCW$c20170926$lBLL01$h1124
=CAT  \\$aBATCH-DCW$c20170926$lBLL01$h1132
=CAT  \\$a7764$b40$c20210204$lBLL01$h1425
=FIN  \\$aY$d20090326
=LKR  \\$aPAR$lBLL01$r776$b000292096$mThe paradise of dainty devices (1576-1606)$nThe paradise of dainty devices (1576-1606)
=DGM  \\$a000292096$bCatBridge variable field
=DRT  \\$aMSD
=SRC  \\$aMSD$bmsdig_000075
=LAS  \\$a7764$b40$c20210204$lBLL01$h1425

