=LDR  01744 am a22004813  4500
=001  014939299
=003  Uk
=005  20210204114844.0
=007  cr\mn\024mpadp
=007  cr\mn\024mpada
=008  880523s1821\\\\enk\\\\\s\\\\\000\0\eng\\
=FMT  \\$a  BK
=040  \\$aUk$cUk$dUk
=100  1\$aByron, George Gordon Byron,$cBaron,$d1788-1824.
=240  10$aPlays.$kSelections
=245  10$aSardanapalus, a tragedy$h[electronic resource] ;$bThe two Foscari, a tragedy ; Cain, a mystery /$cby Lord Byron.
=246  30$aTwo Foscari
=246  30$aCain
=246  3\$aSardanapalus, a tragedy ; The two Foscari, a tragedy ; Cain, a mystery
=260  \\$aLondon :$bJohn Murray,$c1821.
=300  \\$aviii, 439 p. ;$c24 cm.
=336  \\$atext$2rdacontent
=337  \\$acomputer$2rdamedia
=338  \\$aonline resource$2rdacarrier
=600  00$aAshurbanipal,$cKing of Assyria,$dactive 668 B.C.-627 B.C.$vDrama.
=859  \\$aXLD$bMS Digitised
=985  \\$aRecord amended for WR# 13/070
=CAT  \\$aBATCH-MSDN$b00$c20090326$lBLL01$h0815
=CAT  \\$aBATCH$b00$c20090326$lBLL01$h0831
=CAT  \\$aBATCH-UPD$b00$c20100501$lBLL01$h0049
=CAT  \\$a8874$b40$c20120127$lBLL01$h1043
=CAT  \\$aWR13_070$b00$c20130504$lBLL01$h0311
=CAT  \\$aWR13.117$c20130720$lBLL01$h1918
=CAT  \\$aWR14.046$c20140417$lBLL01$h1723
=CAT  \\$aWR13.144/5$c20140418$lBLL01$h1018
=CAT  \\$aBATCH-DCW$c20160710$lBLL01$h1803
=CAT  \\$a6490$b40$c20210204$lBLL01$h1148
=FIN  \\$aY$d20090326
=LKR  \\$aPAR$lBLL01$r776$b000558547$mSardanapalus, a tragedy$nSardanapalus, a tragedy
=DGM  \\$a000558547$bCatBridge variable field
=DRT  \\$aMSD
=SRC  \\$aMSD$bmsdig_000075
=LAS  \\$a6490$b40$c20210204$lBLL01$h1148

