=LDR  02127 am a22005533  4500
=001  014939300
=003  Uk
=005  20210209154200.0
=007  cr\mn\024mpadp
=007  cr\mn\024mpada
=008  880323s1904\\\\ie\\\\\\s\\\\\000\p\eng\\
=FMT  \\$a  BK
=040  \\$aUk$cUk$dUk
=245  00$aNew songs$h[electronic resource] :$ba lyric selection /$cmade by A.E. [i.e. George Russell] from poems by Padraic Colum, Eva Gore-Booth, Thomas Keohler, Alice Milligan, Susan Mitchell, Seumas O'Sullivan, George Roberts, and Ella Young.
=250  \\$a2nd ed.
=264  \1$aDublin :$bO'Donoghue & Co ;$aLondon :$bA.H. Bullen,$c1904.
=300  \\$a56 pages :$bfront ;$c(8º)
=336  \\$atext$2rdacontent
=337  \\$acomputer$2rdamedia
=338  \\$aonline resource$2rdacarrier
=500  \\$aFrontispiece drawn by Jack B. Yeats.
=650  \0$aIrish poetry.
=700  0\$aAE,$d1867-1935.
=859  \\$aXLD$bMS Digitised
=985  \\$aCorrected by MS generated file for WR# 11/211
=985  \\$aCorrected by MS generated file for WR# 1805-0738
=CAT  \\$aBATCH-MSDN$b00$c20090326$lBLL01$h0815
=CAT  \\$aBATCH$b00$c20090326$lBLL01$h0831
=CAT  \\$aBATCH-UPD$b00$c20100501$lBLL01$h0049
=CAT  \\$a8874$b40$c20120127$lBLL01$h1404
=CAT  \\$aWR13.117$c20130720$lBLL01$h1918
=CAT  \\$aWR14.046$c20140417$lBLL01$h1723
=CAT  \\$aWR13.144/5$c20140418$lBLL01$h1018
=CAT  \\$aWR11_211$c20141230$lBLL01$h1734
=CAT  \\$aBATCH-UPD$b00$c20141230$lBLL01$h1735
=CAT  \\$aBLSS-CORR$b00$c20141230$lBLL01$h1743
=CAT  \\$aBATCH-DCW$c20160710$lBLL01$h1803
=CAT  \\$aBATCH-DCW$c20170926$lBLL01$h1125
=CAT  \\$aBATCH-DCW$c20170926$lBLL01$h1132
=CAT  \\$a1805-0738$c20181228$lBLL01$h1825
=CAT  \\$a1805-0738$b00$c20181228$lBLL01$h1911
=CAT  \\$aW2001-2376$c20200626$lBLL01$h1825
=CAT  \\$a7764$b40$c20210209$lBLL01$h1542
=FIN  \\$aY$d20090326
=LKR  \\$aPAR$lBLL01$r776$b000754106$mNew songs$nNew songs
=DGM  \\$a000754106$bCatBridge variable field
=DRT  \\$aMSD
=SRC  \\$aMSD$bmsdig_000075
=LAS  \\$a7764$b40$c20210209$lBLL01$h1542

