=LDR  01998 am a22005053  4500
=001  014939301
=003  Uk
=005  20210204113427.0
=007  cr\mn\024mpadp
=007  cr\mn\024mpada
=008  880815s1827\\\\enk\\\\\s\\\\\000\0\eng\\
=FMT  \\$a  BK
=040  \\$aUk$cUk
=245  04$aThe flowers of British song$h[electronic resource],$bcomprising all the popular sentimental songs, duets, glees, etc.
=264  \1$aDublin :$bJ. Wiseheart,$c[1827]
=300  \\$a2 parts ;$c(8º)
=336  \\$atext$2rdacontent
=337  \\$acomputer$2rdamedia
=338  \\$aonline resource$2rdacarrier
=340  \\$m8vo$2rdabf
=500  \\$aA combined edition of Wiseheart's Comic songster, no. 1-12, and Wiseheart's Sentimental songster, no. 1-12, originally published in fortnightly parts, with a supplement and a list of contents.
=859  \\$aXLD$bMS Digitised
=985  \\$aCorrected by MS generated file for WR# 11/211
=985  \\$aCorrected by MS generated file for WR# 1805-0738
=CAT  \\$aBATCH-MSDN$b00$c20090326$lBLL01$h0815
=CAT  \\$aBATCH$b00$c20090326$lBLL01$h0831
=CAT  \\$aBATCH-UPD$b00$c20100501$lBLL01$h0049
=CAT  \\$a8874$b40$c20120130$lBLL01$h1134
=CAT  \\$aWR13.117$c20130720$lBLL01$h1918
=CAT  \\$aWR14.046$c20140417$lBLL01$h1723
=CAT  \\$aWR13.144/5$c20140418$lBLL01$h1018
=CAT  \\$aWR11_211$c20141230$lBLL01$h1741
=CAT  \\$aBLSS-CORR$b00$c20141230$lBLL01$h1743
=CAT  \\$aBATCH-DCW$c20160710$lBLL01$h1803
=CAT  \\$aBATCH-DCW$c20170926$lBLL01$h1125
=CAT  \\$aBATCH-DCW$c20170926$lBLL01$h1132
=CAT  \\$a1805-0738$c20181228$lBLL01$h1825
=CAT  \\$a1805-0738$b00$c20181228$lBLL01$h1911
=CAT  \\$a6490$b40$c20210204$lBLL01$h1134
=FIN  \\$aY$d20090326
=LKR  \\$aPAR$lBLL01$r776$b001258834$mThe flowers of British song$nThe flowers of British song
=DGM  \\$a001258834$bCatBridge variable field
=DRT  \\$aMSD
=SRC  \\$aMSD$bmsdig_000075
=LAS  \\$a6490$b40$c20210204$lBLL01$h1134

