=LDR  01520 am a22004093  4500
=001  014939302
=003  Uk
=005  20210204145505.0
=007  cr\mn\024mpadp
=007  cr\mn\024mpada
=008  891128s1919\\\\xxu\\\\\s\\\\\000\0\eng\\
=FMT  \\$a  BK
=040  \\$aUk$cUk$dUk
=100  0\$aCynewulf.
=245  14$aThe old English Elene, Phœnix, and Physiologus$h[electronic resource] /$cedited by Albert Stanburrough Cook.
=260  \\$aNew Haven :$bYale University Press ;$aLondon :$bOxford University Press,$c1919.
=300  \\$alxxxix, 239 p. ;$c22 cm.
=336  \\$atext$2rdacontent
=337  \\$acomputer$2rdamedia
=338  \\$aonline resource$2rdacarrier
=700  1\$aCook, Albert S.$q(Albert Stanburrough),$d1853-1927.
=859  \\$aXLD$bMS Digitised
=CAT  \\$aBATCH-MSDN$b00$c20090326$lBLL01$h0815
=CAT  \\$aBATCH$b00$c20090326$lBLL01$h0831
=CAT  \\$aBATCH-UPD$b00$c20100501$lBLL01$h0049
=CAT  \\$a8874$b40$c20120206$lBLL01$h1029
=CAT  \\$aWR13.117$c20130720$lBLL01$h1918
=CAT  \\$aWR14.046$c20140417$lBLL01$h1723
=CAT  \\$aWR13.144/5$c20140418$lBLL01$h1018
=CAT  \\$aBATCH-DCW$c20160710$lBLL01$h1803
=CAT  \\$a7764$b40$c20210204$lBLL01$h1455
=FIN  \\$aY$d20090326
=LKR  \\$aPAR$lBLL01$r776$b002906964$mThe old English Elene, Phœnix, and Physiologus$nThe old English Elene, Phœnix, and Physiologus
=DGM  \\$a002906964$bCatBridge variable field
=DRT  \\$aMSD
=SRC  \\$aMSD$bmsdig_000075
=LAS  \\$a7764$b40$c20210204$lBLL01$h1455

