=LDR  02028 am a22005413  4500
=001  014939303
=003  Uk
=005  20210205104750.0
=007  cr\mn\024mpadp
=007  cr\mn\024mpada
=008  891201s1773\\\\gw\\\\\\s\\\\\000\p\eng\\
=FMT  \\$a  BK
=040  \\$aUk$cUk$dUk
=245  00$aFour poems$h[electronic resource] :$bviz: I. Armine and Elvira. II. The hermit of Warkworth. III. The deserted village. IV. The traveller..
=264  \1$aAltenburgh,$c1773.
=300  \\$a4 parts ;$c(8º)
=336  \\$atext$2rdacontent
=337  \\$acomputer$2rdamedia
=338  \\$aonline resource$2rdacarrier
=340  \\$m8vo$2rdabf
=700  12$aCartwright, Edmund,$d1743-1823.$tArmine and Elvira.
=700  12$aPercy, Thomas,$d1729-1811.$tHermit of Warkworth.
=700  12$aGoldsmith, Oliver,$d1730?-1774.$tDeserted village.
=700  12$aGoldsmith, Oliver,$d1730?-1774.$tTraveller.
=859  \\$aXLD$bMS Digitised
=985  \\$aCorrected by MS generated file for WR# 11/211
=985  \\$aCorrected by MS generated file for WR# 1805-0738
=CAT  \\$aBATCH-MSDN$b00$c20090326$lBLL01$h0815
=CAT  \\$aBATCH$b00$c20090326$lBLL01$h0831
=CAT  \\$aBATCH-UPD$b00$c20100501$lBLL01$h0049
=CAT  \\$a8874$b40$c20120206$lBLL01$h1048
=CAT  \\$aWR13.117$c20130720$lBLL01$h1918
=CAT  \\$aWR14.046$c20140417$lBLL01$h1723
=CAT  \\$aWR13.144/5$c20140418$lBLL01$h1018
=CAT  \\$aWR11_211$c20141230$lBLL01$h1741
=CAT  \\$aBLSS-CORR$b00$c20141230$lBLL01$h1743
=CAT  \\$aBATCH-DCW$c20160710$lBLL01$h1803
=CAT  \\$aBATCH-DCW$c20170926$lBLL01$h1125
=CAT  \\$aBATCH-DCW$c20170926$lBLL01$h1132
=CAT  \\$a1805-0738$c20181228$lBLL01$h1825
=CAT  \\$a1805-0738$b00$c20181228$lBLL01$h1911
=CAT  \\$a6490$b40$c20210205$lBLL01$h1047
=FIN  \\$aY$d20090326
=LKR  \\$aPAR$lBLL01$r776$b002941499$mFour poems$nFour poems
=DGM  \\$a002941499$bCatBridge variable field
=DRT  \\$aMSD
=SRC  \\$aMSD$bmsdig_000075
=LAS  \\$a6490$b40$c20210205$lBLL01$h1047

